10400000         2235662510001330000000000000000000001655188211200000000RASTREADORES PROTEGE LTDA   MEC ECON FEDERAL                          20305201803495900009404000000                    RETORNO-PRODUCAO                  000            
10400011T0100030 20235662510001330000000000000000000001655188211200000000RASTREADORES PROTEGE LTDA   ME                                                                                00000094030520180000000000                          00   
1040001300001T 060000008821120000000   1400000004091042601               05062018000000000007240104043530                         090000000000000000                                                  000000000000590020102                     
1040001300002U 06000000000000000000000000000000000000000000000000000000000000000000000007240000000000007240000000000000000000000000000000030520180705201800000705201800000000000000000000000000000000000000000000000000000000000000000000       
1040001300003T 060000008821120000000   1400000004396042791               05072018000000000014480341088190                         090000000000000000                                                  000000000000590040102                     
1040001300004U 06000000000000000000000000000000000000000000000000000000000000000000000014480000000000014480000000000000000000000000000000030520180705201800000705201800000000000000000000000000000000000000000000000000000000000000000000       
1040001300005T 060000008821120000000   1400000003693042551AMH425/001     05052018000000000014480341000550AMH425/001               090000000000000000JOEL FRENHAN SANTANA                              000000000000590040102                     
1040001300006U 06000000000000000000000000000000000000000000000000000000000000000000000014480000000000014480000000000000000000000000000000030520180705201800000705201800000000000000000000000000000000000000000000000000000000000000000000       
1040001300007T 060000008821120000000   1400000003307042521BMF425/001     05052018000000000007240341005590BMF425/001               090000000000000000JOSE FERNANDES SILVA JUNIOR                       000000000000590040102                     
1040001300008U 06000000000000000000000000000000000000000000000000000000000000000000000007240000000000007240000000000000000000000000000000030520180705201800000705201800000000000000000000000000000000000000000000000000000000000000000000       
1040001300009T 060000008821120000000   1400000002828042561BSG425/001     05052018000000000014480104002790BSG425/001               090000000000000000NELSON RICARDO MAIORINO                           000000000000590020102                     
1040001300010U 06000000000000000000000000000000000000000000000000000000000000000000000014480000000000014480000000000000000000000000000000030520180705201800000705201800000000000000000000000000000000000000000000000000000000000000000000       
1040001300011T 060000008821120000000   1400000002547042501BXJ425/001     05052018000000000007240104043530BXJ425/001               090000000000000000JOSE APARECIDO FRANCISCO                          000000000000590020102                     
1040001300012U 06000000000000000000000000000000000000000000000000000000000000000000000007240000000000007240000000000000000000000000000000030520180705201800000705201800000000000000000000000000000000000000000000000000000000000000000000       
1040001300013T 060000008821120000000   1400000004343042501CDE425/001     05052018000000000014480341005590CDE425/001               090000000000000000LUIZ DIAMANTINO CERSOSIMO NETO                    000000000000590040102                     
1040001300014U 06000000000000000000000000000000000000000000000000000000000000000000000014480000000000014480000000000000000000000000000000030520180705201800000705201800000000000000000000000000000000000000000000000000000000000000000000       
1040001300015T 060000008821120000000   1400000004638042581EVJ425/001     05052018000000000014480104006370EVJ425/001               090000000000000000ADEMILSON PEREIRA DE SOUZA                        000000000000590020102                     
1040001300016U 06000000000000000000000000000000000000000000000000000000000000000000000014480000000000014480000000000000000000000000000000030520180705201800000705201800000000000000000000000000000000000000000000000000000000000000000000       
1040001300017T 060000008821120000000   1400000000045140471KXP5167        04052018000000000029805237003120KXP5167                  090000000000000000NIELSEN RIBEIRO                                   000000000000590040102                     
1040001300018U 06000000000000000000000000000000000000000000000000000000000000000000000029805000000000029805000000000000000000000000000000030520180705201800000705201800000000000000000000000000000000000000000000000000000000000000000000       
1040001300019T 020000008821120000000   1400000000469700241EWJ002         04052018000000000057934000000000EWJ002                   091000053681487804ALVINO DA SILVA                                   000000000000000A4                         
1040001300020U 02000000000000000000000000000000000000000000000000000000000000000000000000000000000000000000000000000000000000000000000000030520180000000000000305201800000000000000000000000000000000000000000000000000000000000000000000       
1040001300021T 020000008821120000000   1400000000469700321EWJ003         04052018000000000057934000000000EWJ003                   091000053681487804ALVINO DA SILVA                                   000000000000000A4                         
1040001300022U 02000000000000000000000000000000000000000000000000000000000000000000000000000000000000000000000000000000000000000000000000030520180000000000000305201800000000000000000000000000000000000000000000000000000000000000000000       
1040001300023T 020000008821120000000   1400000000045140471KXP5167        04052018000000000029805000000000KXP5167                  091000017599241809NIELSEN RIBEIRO                                   000000000000000                           
1040001300024U 02000000000000000000000000000000000000000000000000000000000000000000000000000000000000000000000000000000000000000000000000030520180000000000000305201800000000000000000000000000000000000000000000000000000000000000000000       
1040001300025T 280000008821120000000                     0               00000000000000000000000000000000                         000000000000000000                                                  0000000000000000000000000                 
1040001300026U 280000000000000000000000000000000000000000000000000000000000000000000000000000000000000000000000000000000000000000000000000305201800000000000003052018000000000000000                              000                           
10400015         00002800000000000000000000000000000000000000000000000000000000000000000000000000000000000000000000                                                                                                                             
10499999         000001000030                                                                                                                                                                                                                   
