10400000         2235662510001330000000000000000000001655188211200000000RASTREADORES PROTEGE LTDA   MEC ECON FEDERAL                          20907201804115400014004000000                    RETORNO-PRODUCAO                  000            
10400011T0100030 20235662510001330000000000000000000001655188211200000000RASTREADORES PROTEGE LTDA   ME                                                                                00000140090720180000000000                          00   
1040001300001T 060000008821120000000   1400000003307042791BMF425/003     05072018000000000007240341005590BMF425/003               090000000000000000JOSE FERNANDES SILVA JUNIOR                       000000000000590040102                     
1040001300002U 06000000000000153000000000000000000000000000000000000000000000000000000007393000000000007393000000000000000000000000000000090720181107201800001107201800000000000000000000000000000000000000000000000000000000000000000000       
1040001300003T 060000008821120000000   1400000330700000791BMF9742/007    15072018000000000013500341005590BMF9742/007              090000000000000000JOSE FERNANDES SILVA JUNIOR                       000000000000590040102                     
1040001300004U 06000000000000000000000000000000000000000000000000000000000000000000000013500000000000013500000000000000000000000000000000090720181107201800001107201800000000000000000000000000000000000000000000000000000000000000000000       
1040001300005T 060000008821120000000   1400000004562042751DDS425/003     05072018000000000014480341016530DDS425/003               090000000000000000EDISON ROBERTO VENANCIO JUNIOR                    000000000000590040102                     
1040001300006U 06000000000000306000000000000000000000000000000000000000000000000000000014786000000000014786000000000000000000000000000000090720181107201800001107201800000000000000000000000000000000000000000000000000000000000000000000       
1040001300007T 060000008821120000000   1400000153500000701DJF4684/007    15072018000000000035236341003680DJF4684/007              090000000000000000REGINALDO SABINO BESERRA                          000000000000590040102                     
1040001300008U 06000000000000000000000000000000000000000000000000000000000000000000000035236000000000035236000000000000000000000000000000090720181107201800001107201800000000000000000000000000000000000000000000000000000000000000000000       
1040001300009T 060000008821120000000   1400000476500000741DTB0359/003    15072018000000000030130341070210DTB0359/003              090000000000000000EDUARDO VITOR MEDEIROS                            000000000000590040102                     
1040001300010U 06000000000000000000000000000000000000000000000000000000000000000000000030130000000000030130000000000000000000000000000000090720181107201800001107201800000000000000000000000000000000000000000000000000000000000000000000       
1040001300011T 060000008821120000000   1400000416000000711IOU5416/007    15072018000000000016267341096590IOU5416/007              090000000000000000WALDOMIRO TOLEDO VIEIRA DAS CHAGAS                000000000000590040102                     
1040001300012U 06000000000000000000000000000000000000000000000000000000000000000000000016267000000000016267000000000000000000000000000000090720181107201800001107201800000000000000000000000000000000000000000000000000000000000000000000       
1040001300013T 060000008821120000000   1400000477500000761JSV6856/002    15072018000000000027972341087030JSV6856/002              090000000000000000WALDIR ANTUNES GARCIA                             000000000000590040102                     
1040001300014U 06000000000000000000000000000000000000000000000000000000000000000000000027972000000000027972000000000000000000000000000000090720181107201800001107201800000000000000000000000000000000000000000000000000000000000000000000       
1040001300015T 060000008821120000000   1400000429800000771KOO2018/007    15072018000000000019132341084920KOO2018/007              090000000000000000CARLOS ALBERTO SILVA GOUVEA                       000000000000590040102                     
1040001300016U 06000000000000000000000000000000000000000000000000000000000000000000000019132000000000019132000000000000000000000000000000090720181107201800001107201800000000000000000000000000000000000000000000000000000000000000000000       
1040001300017T 090000008821120000000   1400000403700080351FQW4742-       03072018000000000034538000000000FQW4742-                 091000005175874837LUIZ ANTONIO GUAZZELLI                            00000000000045012                         
1040001300018U 09000000000000000000000000000000000000000000000000000000000000000000000000000000000000000000000000000000000000000000000000090720180000000000000907201800000000000000000000000000000000000000000000000000000000000000000000       
1040001300019T 280000008821120000000                     0               00000000000000000000000000000000                         000000000000000000                                                  0000000000004500000000000                 
1040001300020U 280000000000000000000000000000000000000000000000000000000000000000000000000000000000000000000000000000000000000000000000000907201800000000000009072018000000000000000                              000                           
10400015         00002200000000000000000000000000000000000000000000000000000000000000000000000000000000000000000000                                                                                                                             
10499999         000001000024                                                                                                                                                                                                                   
