10400000         2235662510001330000000000000000000001655188211200000000RASTREADORES PROTEGE LTDA   MEC ECON FEDERAL                          21807201801593600014704000000                    RETORNO-PRODUCAO                  000            
10400011T0100030 20235662510001330000000000000000000001655188211200000000RASTREADORES PROTEGE LTDA   ME                                                                                00000147180720180000000000                          00   
1040001300001T 060000008821120000000   1400000042940042791               20072018000000000014480341078390                         090000000000000000                                                  000000000000590040102                     
1040001300002U 06000000000000000000000000000000000000000000000000000000000000000000000014480000000000014480000000000000000000000000000000180720182007201800002007201800000000000000000000000000000000000000000000000000000000000000000000       
1040001300003T 060000008821120000000   1400000435200000711ABP2018/007    15072018000000000018299104006000ABP2018/007              090000000000000000AUGUSTO LOIOLA                                    000000000000590020102                     
1040001300004U 06000000000000381000000000000000000000000000000000000000000000000000000018680000000000018680000000000000000000000000000000180720182007201800002007201800000000000000000000000000000000000000000000000000000000000000000000       
1040001300005T 060000008821120000000   1400000076400000721BHO2282/007    15072018000000000020521104008990BHO2282/007              090000000000000000EDVALDO SOTHERO DE GODOY ME                       000000000000590020102                     
1040001300006U 06000000000000428000000000000000000000000000000000000000000000000000000020949000000000020949000000000000000000000000000000180720182007201800002007201800000000000000000000000000000000000000000000000000000000000000000000       
1040001300007T 060000008821120000000   1400000409800000701BSG2018/002    15072018000000000020997341000280BSG2018/002              090000000000000000ROGERIO GUERINI UTRABO                            000000000000590040102                     
1040001300008U 06000000000000438000000000000000000000000000000000000000000000000000000021435000000000021435000000000000000000000000000000180720182007201800002007201800000000000000000000000000000000000000000000000000000000000000000000       
1040001300009T 060000008821120000000   1400000481300000781BWH1255/001    15072018000000000025100104003560BWH1255/001              090000000000000000ANA MARIA DA SILVA OLIVEIRA                       000000000000590020102                     
1040001300010U 06000000000000526000000000000000000000000000000000000000000000000000000025626000000000025626000000000000000000000000000000180720182007201800002007201800000000000000000000000000000000000000000000000000000000000000000000       
1040001300011T 060000008821120000000   1400000420400042701BWL425         19072018000000000007240341081620BWL425                   090000000000000000J C DOS SANTOS SALTO   ME                         000000000000590040102                     
1040001300012U 06000000000000000000000000000000000000000000000000000000000000000000000007240000000000007240000000000000000000000000000000180720182007201800002007201800000000000000000000000000000000000000000000000000000000000000000000       
1040001300013T 060000008821120000000   1400000045580042601BWP425         19072018000000000014480237005310BWP425                   090000000000000000ALAN DAVID GARCIA                                 000000000000590040102                     
1040001300014U 06000000000000000000000000000000000000000000000000000000000000000000000014480000000000014480000000000000000000000000000000180720182007201800002007201800000000000000000000000000000000000000000000000000000000000000000000       
1040001300015T 060000008821120000000   1400000447400000791DCO9016/005    15072018000000000020083341005540DCO9016/005              090000000000000000TARCISO FERREIRA                                  000000000000590040102                     
1040001300016U 06000000000000420000000000000000000000000000000000000000000000000000000020503000000000020503000000000000000000000000000000180720182007201800002007201800000000000000000000000000000000000000000000000000000000000000000000       
1040001300017T 060000008821120000000   1400000311200000701DJC2328/007    15072018000000000015000104008990DJC2328/007              090000000000000000EDVALDO SOTHERO DE GODOY ME                       000000000000590020102                     
1040001300018U 06000000000000315000000000000000000000000000000000000000000000000000000015315000000000015315000000000000000000000000000000180720182007201800002007201800000000000000000000000000000000000000000000000000000000000000000000       
1040001300019T 060000008821120000000   1400000044210042561DJC425         19072018000000000014480104005760DJC425                   090000000000000000ALESSANDRO DA SILVA MATOS                         000000000000590020102                     
1040001300020U 06000000000000000000000000000000000000000000000000000000000000000000000014480000000000014480000000000000000000000000000000180720182007201800002007201800000000000000000000000000000000000000000000000000000000000000000000       
1040001300021T 060000008821120000000   1400000460100000741DPC2018/007    15072018000000000025250104002300DPC2018/007              090000000000000000ANTONIO CARLOS BATISTA                            000000000000590030102                     
1040001300022U 06000000000000529000000000000000000000000000000000000000000000000000000025779000000000025779000000000000000000000000000000180720182007201800002007201800000000000000000000000000000000000000000000000000000000000000000000       
1040001300023T 060000008821120000000   1400000468900000701DPF0047/007    15072018000000000026398104030460DPF0047/007              090000000000000000ERIESTER DOMINGOS DOS SANTOS MINIMERCADO          000000000000590020102                     
1040001300024U 06000000000000552000000000000000000000000000000000000000000000000000000026950000000000026950000000000000000000000000000000180720182007201800002007201800000000000000000000000000000000000000000000000000000000000000000000       
1040001300025T 060000008821120000000   1400000443900042751DUR425         19072018000000000014480341064210DUR425                   090000000000000000CLAUDINEI FRANCISCO DO NASCIMENTO                 000000000000590040102                     
1040001300026U 06000000000000000000000000000000000000000000000000000000000000000000000014480000000000014480000000000000000000000000000000180720182007201800002007201800000000000000000000000000000000000000000000000000000000000000000000       
1040001300027T 060000008821120000000   1400000046900042711EQV425         19072018000000000014480237022690EQV425                   090000000000000000JOSE EDUARDO LAGO SUBERO                          000000000000590040102                     
1040001300028U 06000000000000000000000000000000000000000000000000000000000000000000000014480000000000014480000000000000000000000000000000180720182007201800002007201800000000000000000000000000000000000000000000000000000000000000000000       
1040001300029T 060000008821120000000   1400004667000000741FCB3935/007    15072018000000000027814104003500FCB3935/007              090000000000000000JOAO VICENTE VACCARI                              000000000000590020102                     
1040001300030U 06000000000000580000000000000000000000000000000000000000000000000000000028394000000000028394000000000000000000000000000000180720182007201800002007201800000000000000000000000000000000000000000000000000000000000000000000       
1040001300031T 060000008821120000000   1400000481700050031FDT3611ADES    18072018000000000045000001007170FDT3611ADES              090000000000000000COOPCENT ABC                                      000000000000590040102                     
1040001300032U 06000000000000000000000000000000000000000000000000000000000000000000000045000000000000045000000000000000000000000000000000180720182007201800002007201800000000000000000000000000000000000000000000000000000000000000000000       
1040001300033T 060000008821120000000   1400000481800050061FEH0528ADES    18072018000000000045000001007170FEH0528ADES              090000000000000000COOPCENT ABC                                      000000000000590040102                     
1040001300034U 06000000000000000000000000000000000000000000000000000000000000000000000045000000000000045000000000000000000000000000000000180720182007201800002007201800000000000000000000000000000000000000000000000000000000000000000000       
1040001300035T 060000008821120000000   1400000481600050001FEH0539ADES    18072018000000000045000001007170FEH0539ADES              090000000000000000COOPCENT ABC                                      000000000000590040102                     
1040001300036U 06000000000000000000000000000000000000000000000000000000000000000000000045000000000000045000000000000000000000000000000000180720182007201800002007201800000000000000000000000000000000000000000000000000000000000000000000       
1040001300037T 060000008821120000000   1400000254600000721HUS3249/007    15072018000000000019034104029960HUS3249/007              090000000000000000JURACI LADEIRA                                    000000000000590020102                     
1040001300038U 06000000000000399000000000000000000000000000000000000000000000000000000019433000000000019433000000000000000000000000000000180720182007201800002007201800000000000000000000000000000000000000000000000000000000000000000000       
1040001300039T 060000008821120000000   1400000045730042591JFP425         19072018000000000007240033035010JFP425                   090000000000000000ADRIANO FERRAZ MARQUES                            000000000000590040102                     
1040001300040U 06000000000000000000000000000000000000000000000000000000000000000000000007240000000000007240000000000000000000000000000000180720182007201800002007201800000000000000000000000000000000000000000000000000000000000000000000       
1040001300041T 060000008821120000000   1400000456100000771JSV8589/007    15072018000000000031384104003070JSV8589/007              090000000000000000EDNEI DE CAMPOS CAMARGO                           000000000000590030102                     
1040001300042U 06000000000000655000000000000000000000000000000000000000000000000000000032039000000000032039000000000000000000000000000000180720182007201800002007201800000000000000000000000000000000000000000000000000000000000000000000       
1040001300043T 060000008821120000000   1400000427800000731LCK0315/005    15072018000000000016564341005540LCK0315/005              090000000000000000TARCISO FERREIRA                                  000000000000590040102                     
1040001300044U 06000000000000346000000000000000000000000000000000000000000000000000000016910000000000016910000000000000000000000000000000180720182007201800002007201800000000000000000000000000000000000000000000000000000000000000000000       
1040001300045T 020000008821120000000   1400000420400042701BWL425         19072018000000000007240000000000BWL425                   092010525486000135J C DOS SANTOS SALTO   ME                         000000000000000                           
1040001300046U 02000000000000000000000000000000000000000000000000000000000000000000000000000000000000000000000000000000000000000000000000180720180000000000001807201800000000000000000000000000000000000000000000000000000000000000000000       
1040001300047T 020000008821120000000   1400000045580042601BWP425         19072018000000000014480000000000BWP425                   091000034586269804ALAN DAVID GARCIA                                 000000000000000                           
1040001300048U 02000000000000000000000000000000000000000000000000000000000000000000000000000000000000000000000000000000000000000000000000180720180000000000001807201800000000000000000000000000000000000000000000000000000000000000000000       
1040001300049T 020000008821120000000   1400000041340042701CQH425         19072018000000000014480000000000CQH425                   092005850997000192BBR TRANSPORTES LTDA   ME                         000000000000000                           
1040001300050U 02000000000000000000000000000000000000000000000000000000000000000000000000000000000000000000000000000000000000000000000000180720180000000000001807201800000000000000000000000000000000000000000000000000000000000000000000       
1040001300051T 020000008821120000000   1400000044210042561DJC425         19072018000000000014480000000000DJC425                   091000027475075800ALESSANDRO DA SILVA MATOS                         000000000000000                           
1040001300052U 02000000000000000000000000000000000000000000000000000000000000000000000000000000000000000000000000000000000000000000000000180720180000000000001807201800000000000000000000000000000000000000000000000000000000000000000000       
1040001300053T 020000008821120000000   1400000443900042751DUR425         19072018000000000014480000000000DUR425                   091000018229742839CLAUDINEI FRANCISCO DO NASCIMENTO                 000000000000000                           
1040001300054U 02000000000000000000000000000000000000000000000000000000000000000000000000000000000000000000000000000000000000000000000000180720180000000000001807201800000000000000000000000000000000000000000000000000000000000000000000       
1040001300055T 020000008821120000000   1400000046900042711EQV425         19072018000000000014480000000000EQV425                   091000032164207874JOSE EDUARDO LAGO SUBERO                          000000000000000                           
1040001300056U 02000000000000000000000000000000000000000000000000000000000000000000000000000000000000000000000000000000000000000000000000180720180000000000001807201800000000000000000000000000000000000000000000000000000000000000000000       
1040001300057T 020000008821120000000   1400000045490042791GFK425         19072018000000000014480000000000GFK425                   091000059205938815JOSE LUIZ VITORELLO                               000000000000000                           
1040001300058U 02000000000000000000000000000000000000000000000000000000000000000000000000000000000000000000000000000000000000000000000000180720180000000000001807201800000000000000000000000000000000000000000000000000000000000000000000       
1040001300059T 020000008821120000000   1400000045730042591JFP425         19072018000000000007240000000000JFP425                   091000025336556866ADRIANO FERRAZ MARQUES                            000000000000000                           
1040001300060U 02000000000000000000000000000000000000000000000000000000000000000000000000000000000000000000000000000000000000000000000000180720180000000000001807201800000000000000000000000000000000000000000000000000000000000000000000       
1040001300061T 030000008821120000000   1400000045230042711ADL425         18072018000000000007240000000000ADL425                   090000000000000000                                                  00000000000000008                         
1040001300062U 03000000000000000000000000000000000000000000000000000000000000000000000000000000000000000000000000000000000000000000000000180720180000000000000000000000000000000000000000000000000000000000000000000000000000000000000000       
1040001300063T 030000008821120000000   1400000020950042721BQP425         18072018000000000007240000000000BQP425                   090000000000000000                                                  00000000000000008                         
1040001300064U 03000000000000000000000000000000000000000000000000000000000000000000000000000000000000000000000000000000000000000000000000180720180000000000000000000000000000000000000000000000000000000000000000000000000000000000000000       
1040001300065T 280000008821120000000                     0               00000000000000000000000000000000                         000000000000000000                                                  0000000000000000000000000                 
1040001300066U 280000000000000000000000000000000000000000000000000000000000000000000000000000000000000000000000000000000000000000000000001807201800000000000018072018000000000000000                              000                           
10400015         00006800000000000000000000000000000000000000000000000000000000000000000000000000000000000000000000                                                                                                                             
10499999         000001000070                                                                                                                                                                                                                   
