10400000         2235662510001330000000000000000000001655188211200000000RASTREADORES PROTEGE LTDA   MEC ECON FEDERAL                          21804201803303800008404000000                    RETORNO-PRODUCAO                  000            
10400011T0100030 20235662510001330000000000000000000001655188211200000000RASTREADORES PROTEGE LTDA   ME                                                                                00000084180420180000000000                          00   
1040001300001T 060000008821120000000   1400000000044420461BTA1501        18042018000000000091950341006580BTA1501                  090000000000000000TRANSPORTADORA MAGNOLIA LTDA   ME                 000000000000590040102                     
1040001300002U 06000000000000000000000000000000000000000000000000000000000000000000000091950000000000091950000000000000000000000000000000180420182004201800002004201800000000000000000000000000000000000000000000000000000000000000000000       
1040001300003T 060000008821120000000   1400000465600000421CLK3705/004    15042018000000000018500104003560CLK3705/004              090000000000000000CLOVIS ANTONIO PACHECO DE MORAES                  000000000000590020102                     
1040001300004U 06000000000000388000000000000000000000000000000000000000000000000000000018888000000000018888000000000000000000000000000000180420182004201800002004201800000000000000000000000000000000000000000000000000000000000000000000       
1040001300005T 060000008821120000000   1400000413400000421CQH2021/004    15042018000000000022939104002790CQH2021/004              090000000000000000BBR TRANSPORTES LTDA   ME                         000000000000590020102                     
1040001300006U 06000000000000480000000000000000000000000000000000000000000000000000000023419000000000023419000000000000000000000000000000180420182004201800002004201800000000000000000000000000000000000000000000000000000000000000000000       
1040001300007T 060000008821120000000   1400000358400000471CUE7102/004    15042018000000000024000104007980CUE7102/004              090000000000000000AUGUSTINO DE FATIMA DOS SANTOS M E                000000000000590060102                     
1040001300008U 06000000000000501000000000000000000000000000000000000000000000000000000024501000000000024501000000000000000000000000000000180420182004201800002004201800000000000000000000000000000000000000000000000000000000000000000000       
1040001300009T 060000008821120000000   1400000358300000441CUE7108/004    15042018000000000086591104007980CUE7108/004              090000000000000000AUGUSTINO DE FATIMA DOS SANTOS M E                000000000000590060102                     
1040001300010U 06000000000001810000000000000000000000000000000000000000000000000000000088401000000000088401000000000000000000000000000000180420182004201800002004201800000000000000000000000000000000000000000000000000000000000000000000       
1040001300011T 060000008821120000000   1400000000044430421CZZ2658        18042018000000000107540341006580CZZ2658                  090000000000000000TRANSPORTADORA MAGNOLIA LTDA   ME                 000000000000590040102                     
1040001300012U 06000000000000000000000000000000000000000000000000000000000000000000000107540000000000107540000000000000000000000000000000180420182004201800002004201800000000000000000000000000000000000000000000000000000000000000000000       
1040001300013T 060000008821120000000   1400000439100000411DAO2018/004    15042018000000000048538104007980DAO2018/004              090000000000000000AUGUSTINO DE FATIMA DOS SANTOS M E                000000000000590060102                     
1040001300014U 06000000000001016000000000000000000000000000000000000000000000000000000049554000000000049554000000000000000000000000000000180420182004201800002004201800000000000000000000000000000000000000000000000000000000000000000000       
1040001300015T 060000008821120000000   1400000360800000411DVA3988/004    15042018000000000040517237033440DVA3988/004              090000000000000000RICARDO CARDOSO FIGUEIREDO                        000000000000590040102                     
1040001300016U 06000000000000846000000000000000000000000000000000000000000000000000000041363000000000041363000000000000000000000000000000180420182004201800002004201800000000000000000000000000000000000000000000000000000000000000000000       
1040001300017T 060000008821120000000   1400000471700000461EAM2843/003    15042018000000000022623104034960EAM2843/003              090000000000000000JOAO DAVI DE OLIVEIRA ZEFERINO                    000000000000590020102                     
1040001300018U 06000000000000473000000000000000000000000000000000000000000000000000000023096000000000023096000000000000000000000000000000180420182004201800002004201800000000000000000000000000000000000000000000000000000000000000000000       
1040001300019T 060000008821120000000   1400000469700000421EWJ2018/004    15042018000000000057934341019510EWJ2018/004              090000000000000000ALVINO DA SILVA                                   000000000000590040102                     
1040001300020U 06000000000001210000000000000000000000000000000000000000000000000000000059144000000000059144000000000000000000000000000000180420182004201800002004201800000000000000000000000000000000000000000000000000000000000000000000       
1040001300021T 060000008821120000000   1400000469300000411FEB6021/004    15042018000000000041377104021090FEB6021/004              090000000000000000VALTER ALVES DE LIMA                              000000000000590020102                     
1040001300022U 06000000000000864000000000000000000000000000000000000000000000000000000042241000000000042241000000000000000000000000000000180420182004201800002004201800000000000000000000000000000000000000000000000000000000000000000000       
1040001300023T 060000008821120000000   1400004595000000431FLB0501/004    15042018000000000017017104029010FLB0501/004              090000000000000000FABIO NOGUEIRA SILVEIRA                           000000000000590020102                     
1040001300024U 06000000000000355000000000000000000000000000000000000000000000000000000017372000000000017372000000000000000000000000000000180420182004201800002004201800000000000000000000000000000000000000000000000000000000000000000000       
1040001300025T 060000008821120000000   1400000457900000461GPC2018/004    15042018000000000017057104041620GPC2018/004              090000000000000000BENEDITO FERREIRA LIMA JUNIOR                     000000000000590020102                     
1040001300026U 06000000000000356000000000000000000000000000000000000000000000000000000017413000000000017413000000000000000000000000000000180420182004201800002004201800000000000000000000000000000000000000000000000000000000000000000000       
1040001300027T 020000008821120000000   1400000000444100481CYN9251        19042018000000000314970000000000CYN9251                  092008917750000134TRANSPORTADORA MAGNOLIA LTDA   ME                 000000000000000                           
1040001300028U 02000000000000000000000000000000000000000000000000000000000000000000000000000000000000000000000000000000000000000000000000180420180000000000001804201800000000000000000000000000000000000000000000000000000000000000000000       
1040001300029T 030000008821120000000   1400000000046970281EWJ0838        19042018000000000057934000000000EWJ0838                  090000000000000000                                                  00000000000000008                         
1040001300030U 03000000000000000000000000000000000000000000000000000000000000000000000000000000000000000000000000000000000000000000000000180420180000000000000000000000000000000000000000000000000000000000000000000000000000000000000000       
1040001300031T 030000008821120000000   1400000000046970361EWJ0838-       19042018000000000057934000000000EWJ0838-                 090000000000000000                                                  00000000000000008                         
1040001300032U 03000000000000000000000000000000000000000000000000000000000000000000000000000000000000000000000000000000000000000000000000180420180000000000000000000000000000000000000000000000000000000000000000000000000000000000000000       
1040001300033T 280000008821120000000                     0               00000000000000000000000000000000                         000000000000000000                                                  0000000000000000000000000                 
1040001300034U 280000000000000000000000000000000000000000000000000000000000000000000000000000000000000000000000000000000000000000000000001804201800000000000018042018000000000000000                              000                           
10400015         00003600000000000000000000000000000000000000000000000000000000000000000000000000000000000000000000                                                                                                                             
10499999         000001000038                                                                                                                                                                                                                   
