10400000         2235662510001330000000000000000000001655188211200000000RASTREADORES PROTEGE LTDA   MEC ECON FEDERAL                          22903201804213100007104000000                    RETORNO-PRODUCAO                  000            
10400011T0100030 20235662510001330000000000000000000001655188211200000000RASTREADORES PROTEGE LTDA   ME                                                                                00000071290320180000000000                          00   
1040001300001T 060000008821120000000   1400000000004620181BWD2695-       02042018000000000021500237032190BWD2695-                 090000000000000000ROBSON NASCIMENTO DE MELO                         000000000000590040102                     
1040001300002U 06000000000000000000000000000000000000000000000000000000000000000000000021500000000000021500000000000000000000000000000000290320180304201800000304201800000000000000000000000000000000000000000000000000000000000000000000       
1040001300003T 060000008821120000000   1400000000046201221BWD2695        02042018000000000021500237032190BWD2695                  090000000000000000ROBSON NASCIMENTO DE MELO                         000000000000590040102                     
1040001300004U 06000000000000000000000000000000000000000000000000000000000000000000000021500000000000021500000000000000000000000000000000290320180304201800000304201800000000000000000000000000000000000000000000000000000000000000000000       
1040001300005T 060000008821120000000   1400000000046420371GVQ8348        02042018000000000026389237003790GVQ8348                  090000000000000000TRANSPORTADORA 3R BEBEDOURO LTDA   ME             000000000000590040102                     
1040001300006U 06000000000000000000000000000000000000000000000000000000000000000000000026389000000000026389000000000000000000000000000000290320180304201800000304201800000000000000000000000000000000000000000000000000000000000000000000       
1040001300007T 060000008821120000000   1400000000004620261BWD2695--      02042018000000000021500237032190BWD2695--                090000000000000000ROBSON NASCIMENTO DE MELO                         000000000000590040102                     
1040001300008U 06000000000000000000000000000000000000000000000000000000000000000000000021500000000000021500000000000000000000000000000000290320180304201800000304201800000000000000000000000000000000000000000000000000000000000000000000       
1040001300009T 060000008821120000000   1400000047440050091BWO8171ADE     02042018000000000020000237001460BWO8171ADE               090000000000000000D&A TRANSPORTES RODOVIARIOS CATANDUVA LT          000000000000590040102                     
1040001300010U 06000000000000000000000000000000000000000000000000000000000000000000000020000000000000020000000000000000000000000000000000290320180304201800000304201800000000000000000000000000000000000000000000000000000000000000000000       
1040001300011T 020000008821120000000   1400000000045010341CZK2129        02042018000000000034912000000000CZK2129                  092011264745000184RISTHEA LOGISTICA E TRANSPORTE LTDA   EP          000000000000000A4                         
1040001300012U 02000000000000000000000000000000000000000000000000000000000000000000000000000000000000000000000000000000000000000000000000290320180000000000002903201800000000000000000000000000000000000000000000000000000000000000000000       
1040001300013T 020000008821120000000   1400000000046420371GVQ8348        02042018000000000026389000000000GVQ8348                  092012695336000103TRANSPORTADORA 3R BEBEDOURO LTDA   ME             000000000000000                           
1040001300014U 02000000000000000000000000000000000000000000000000000000000000000000000000000000000000000000000000000000000000000000000000290320180000000000002903201800000000000000000000000000000000000000000000000000000000000000000000       
1040001300015T 020000008821120000000   1400000475100050061NDHADES/001    01042018000000000030000000000000NDHADES/001              092024858015000153D&A TRANSPORTES RODOVIARIOS CATANDUVA LT          000000000000000                           
1040001300016U 02000000000000000000000000000000000000000000000000000000000000000000000000000000000000000000000000000000000000000000000000290320180000000000002903201800000000000000000000000000000000000000000000000000000000000000000000       
1040001300017T 020000008821120000000   1400000000046970361EWJ083803      03042018000000000057934000000000EWJ083803                091000053681487804ALVINO DA SILVA                                   000000000000000A4                         
1040001300018U 02000000000000000000000000000000000000000000000000000000000000000000000000000000000000000000000000000000000000000000000000290320180000000000002903201800000000000000000000000000000000000000000000000000000000000000000000       
1040001300019T 020000008821120000000   1400000000044890341DJB4779-       02042018000000000032938000000000DJB4779-                 091000002061193480MANOEL JOSE DA SILVA                              000000000000000                           
1040001300020U 02000000000000000000000000000000000000000000000000000000000000000000000000000000000000000000000000000000000000000000000000290320180000000000002903201800000000000000000000000000000000000000000000000000000000000000000000       
1040001300021T 020000008821120000000   1400000047440050091BWO8171ADE     02042018000000000020000000000000BWO8171ADE               092024858015000153D&A TRANSPORTES RODOVIARIOS CATANDUVA LT          000000000000000                           
1040001300022U 02000000000000000000000000000000000000000000000000000000000000000000000000000000000000000000000000000000000000000000000000290320180000000000002903201800000000000000000000000000000000000000000000000000000000000000000000       
1040001300023T 020000008821120000000   1400000403700080001FQW4742/001    03042018000000000034538000000000FQW4742/001              091000005175874837LUIZ ANTONIO GUAZZELLI                            000000000000000                           
1040001300024U 02000000000000000000000000000000000000000000000000000000000000000000000000000000000000000000000000000000000000000000000000290320180000000000002903201800000000000000000000000000000000000000000000000000000000000000000000       
1040001300025T 020000008821120000000   1400000000046970281EWJ083802      03042018000000000057934000000000EWJ083802                091000053681487804ALVINO DA SILVA                                   000000000000000A4                         
1040001300026U 02000000000000000000000000000000000000000000000000000000000000000000000000000000000000000000000000000000000000000000000000290320180000000000002903201800000000000000000000000000000000000000000000000000000000000000000000       
1040001300027T 020000008821120000000   1400000000044890261DJB4779        02042018000000000032938000000000DJB4779                  091000002061193480MANOEL JOSE DA SILVA                              000000000000000                           
1040001300028U 02000000000000000000000000000000000000000000000000000000000000000000000000000000000000000000000000000000000000000000000000290320180000000000002903201800000000000000000000000000000000000000000000000000000000000000000000       
1040001300029T 030000008821120000000   1400000000042200351AEC5099        29032018000000000018954000000000AEC5099                  090000000000000000                                                  00000000000000008                         
1040001300030U 03000000000000000000000000000000000000000000000000000000000000000000000000000000000000000000000000000000000000000000000000290320180000000000000000000000000000000000000000000000000000000000000000000000000000000000000000       
1040001300031T 030000008821120000000   1400004489000042291DJBRATEIO      02042018000000000016986000000000DJBRATEIO                090000000000000000                                                  00000000000000008                         
1040001300032U 03000000000000000000000000000000000000000000000000000000000000000000000000000000000000000000000000000000000000000000000000290320180000000000000000000000000000000000000000000000000000000000000000000000000000000000000000       
1040001300033T 280000008821120000000                     0               00000000000000000000000000000000                         000000000000000000                                                  0000000000000000000000000                 
1040001300034U 280000000000000000000000000000000000000000000000000000000000000000000000000000000000000000000000000000000000000000000000002903201800000000000029032018000000000000000                              000                           
10400015         00003600000000000000000000000000000000000000000000000000000000000000000000000000000000000000000000                                                                                                                             
10499999         000001000038                                                                                                                                                                                                                   
