10400000         2235662510001330000000000000000000001655188211200000000RASTREADORES PROTEGE LTDA   MEC ECON FEDERAL                          20205201806554100009304000000                    RETORNO-PRODUCAO                  000            
10400011T0100030 20235662510001330000000000000000000001655188211200000000RASTREADORES PROTEGE LTDA   ME                                                                                00000093020520180000000000                          00   
1040001300001T 060000008821120000000   1400000004657042501BTT425/001     05052018000000000021720033001610BTT425/001               090000000000000000ROBINSON RICHARD MASSOLI                          000000000000590040102                     
1040001300002U 06000000000000000000000000000000000000000000000000000000000000000000000021720000000000021720000000000000000000000000000000020520180405201800000405201800000000000000000000000000000000000000000000000000000000000000000000       
1040001300003T 060000008821120000000   1400000002874042561BWU425/001     05052018000000000007240104032690BWU425/001               090000000000000000FABIO ROGERIO MACHADO                             000000000000590020102                     
1040001300004U 06000000000000000000000000000000000000000000000000000000000000000000000007240000000000007240000000000000000000000000000000020520180405201800000405201800000000000000000000000000000000000000000000000000000000000000000000       
1040001300005T 060000008821120000000   1400000003666042581DAS425/001     05052018000000000014480033001610DAS425/001               090000000000000000ROBINSON RICHARD MASSOLI                          000000000000590040102                     
1040001300006U 06000000000000000000000000000000000000000000000000000000000000000000000014480000000000014480000000000000000000000000000000020520180405201800000405201800000000000000000000000000000000000000000000000000000000000000000000       
1040001300007T 060000008821120000000   1400000004559042571DCZ425/001     05052018000000000007240104017780DCZ425/001               090000000000000000PAULO DE FREITAS SOBRINHO                         000000000000590020102                     
1040001300008U 06000000000000000000000000000000000000000000000000000000000000000000000007240000000000007240000000000000000000000000000000020520180405201800000405201800000000000000000000000000000000000000000000000000000000000000000000       
1040001300009T 060000008821120000000   1400000004301042571DVT425/001     05052018000000000021720033000870DVT425/001               090000000000000000JORGE EDUARDO DA SILVA                            000000000000590040102                     
1040001300010U 06000000000000000000000000000000000000000000000000000000000000000000000021720000000000021720000000000000000000000000000000020520180405201800000405201800000000000000000000000000000000000000000000000000000000000000000000       
1040001300011T 060000008821120000000   1400000447700080001FRCACOR/001    30042018000000000067685104003610FRCACOR/001              090000000000000000WILLIAN PAPILE                                    000000000000590020102                     
1040001300012U 06000000000001394000000000000000000000000000000000000000000000000000000069079000000000069079000000000000000000000000000000020520180405201800000405201800000000000000000000000000000000000000000000000000000000000000000000       
1040001300013T 060000008821120000000   1400000004153042591KNB425/001     05052018000000000014480033001610KNB425/001               090000000000000000ROBINSON RICHARD MASSOLI                          000000000000590040102                     
1040001300014U 06000000000000000000000000000000000000000000000000000000000000000000000014480000000000014480000000000000000000000000000000020520180405201800000405201800000000000000000000000000000000000000000000000000000000000000000000       
1040001300015T 060000008821120000000   1400000475100050141NDHADES/002    01052018000000000030000237001460NDHADES/002              090000000000000000D&A TRANSPORTES RODOVIARIOS CATANDUVA LT          000000000000590040102                     
1040001300016U 06000000000000000000000000000000000000000000000000000000000000000000000030000000000000030000000000000000000000000000000000020520180405201800000405201800000000000000000000000000000000000000000000000000000000000000000000       
1040001300017T 020000008821120000000   1400000000030200401BXI2596        03052018000000000015000000000000BXI2596                  091000017552643803RODRIGO ANTONIO TEIXEIRA DA MOTTA                 000000000000000A4                         
1040001300018U 02000000000000000000000000000000000000000000000000000000000000000000000000000000000000000000000000000000000000000000000000020520180000000000000205201800000000000000000000000000000000000000000000000000000000000000000000       
1040001300019T 020000008821120000000   1400000000004490381CRH4123        03052018000000000015500000000000CRH4123                  091000052022048849WALTER VALE                                       000000000000000                           
1040001300020U 02000000000000000000000000000000000000000000000000000000000000000000000000000000000000000000000000000000000000000000000000020520180000000000000205201800000000000000000000000000000000000000000000000000000000000000000000       
1040001300021T 020000008821120000000   1400000000004490461CRH4123-       03052018000000000015500000000000CRH4123-                 091000052022048849WALTER VALE                                       000000000000000                           
1040001300022U 02000000000000000000000000000000000000000000000000000000000000000000000000000000000000000000000000000000000000000000000000020520180000000000000205201800000000000000000000000000000000000000000000000000000000000000000000       
1040001300023T 020000008821120000000   1400000000041690301LYX7041        03052018000000000016418000000000LYX7041                  091000022604564807MARCO ANTONIO DA SILVA VALE                       000000000000000                           
1040001300024U 02000000000000000000000000000000000000000000000000000000000000000000000000000000000000000000000000000000000000000000000000020520180000000000000205201800000000000000000000000000000000000000000000000000000000000000000000       
1040001300025T 020000008821120000000   1400000000041690481LYX7041-       03052018000000000016418000000000LYX7041-                 091000022604564807MARCO ANTONIO DA SILVA VALE                       000000000000000                           
1040001300026U 02000000000000000000000000000000000000000000000000000000000000000000000000000000000000000000000000000000000000000000000000020520180000000000000205201800000000000000000000000000000000000000000000000000000000000000000000       
1040001300027T 090000008821120000000   1400000474600050161ESAADES/002    26042018000000000025000000000000ESAADES/002              091000007745294401EVERSON RAFAEL SILVA DOS NASCIMENTO               00000000000045012                         
1040001300028U 09000000000000000000000000000000000000000000000000000000000000000000000000000000000000000000000000000000000000000000000000020520180000000000000205201800000000000000000000000000000000000000000000000000000000000000000000       
1040001300029T 090000008821120000000   1400000474500050131EVGADES/002    26042018000000000025000000000000EVGADES/002              091000007745294401EVERSON RAFAEL SILVA DOS NASCIMENTO               00000000000045012                         
1040001300030U 09000000000000000000000000000000000000000000000000000000000000000000000000000000000000000000000000000000000000000000000000020520180000000000000205201800000000000000000000000000000000000000000000000000000000000000000000       
1040001300031T 280000008821120000000                     0               00000000000000000000000000000000                         000000000000000000                                                  0000000000009000000000000                 
1040001300032U 280000000000000000000000000000000000000000000000000000000000000000000000000000000000000000000000000000000000000000000000000205201800000000000002052018000000000000000                              000                           
10400015         00003400000000000000000000000000000000000000000000000000000000000000000000000000000000000000000000                                                                                                                             
10499999         000001000036                                                                                                                                                                                                                   
