10400000         2235662510001330000000000000000000001655188211200000000RASTREADORES PROTEGE LTDA   MEC ECON FEDERAL                          20405201804515800009504000000                    RETORNO-PRODUCAO                  000            
10400011T0100030 20235662510001330000000000000000000001655188211200000000RASTREADORES PROTEGE LTDA   ME                                                                                00000095040520180000000000                          00   
1040001300001T 060000008821120000000   1400000003113042521AGY425/001     05052018000000000014480001009430AGY425/001               090000000000000000VANDIR VIERA ANTUNES                              000000000000590040102                     
1040001300002U 06000000000000000000000000000000000000000000000000000000000000000000000014480000000000014480000000000000000000000000000000040520180805201800000805201800000000000000000000000000000000000000000000000000000000000000000000       
1040001300003T 060000008821120000000   1400000004396042521AKN425/001     05052018000000000014480341088190AKN425/001               090000000000000000SERGIO GONSALES BELUZZO                           000000000000590040102                     
1040001300004U 06000000000000000000000000000000000000000000000000000000000000000000000014480000000000014480000000000000000000000000000000040520180805201800000805201800000000000000000000000000000000000000000000000000000000000000000000       
1040001300005T 060000008821120000000   1400000002778042511BTU425/001     05052018000000000007240237063160BTU425/001               090000000000000000MAURO DACARO                                      000000000000590040102                     
1040001300006U 06000000000000000000000000000000000000000000000000000000000000000000000007240000000000007240000000000000000000000000000000040520180805201800000805201800000000000000000000000000000000000000000000000000000000000000000000       
1040001300007T 060000008821120000000   1400000004204042581BWL425/001     05052018000000000007240341081620BWL425/001               090000000000000000J C DOS SANTOS SALTO   ME                         000000000000590040102                     
1040001300008U 06000000000000000000000000000000000000000000000000000000000000000000000007240000000000007240000000000000000000000000000000040520180805201800000805201800000000000000000000000000000000000000000000000000000000000000000000       
1040001300009T 060000008821120000000   1400000001834042501BXJ 425/001    05052018000000000014480237005660BXJ 425/001              090000000000000000SILAS MARTINS DA SILVA                            000000000000590040102                     
1040001300010U 06000000000000000000000000000000000000000000000000000000000000000000000014480000000000014480000000000000000000000000000000040520180805201800000805201800000000000000000000000000000000000000000000000000000000000000000000       
1040001300011T 060000008821120000000   1400000003001042571CLJ0425/001    05052018000000000014480104048410CLJ0425/001              090000000000000000JOSE LEITE DE MEDEIROS                            000000000000590020102                     
1040001300012U 06000000000000000000000000000000000000000000000000000000000000000000000014480000000000014480000000000000000000000000000000040520180805201800000805201800000000000000000000000000000000000000000000000000000000000000000000       
1040001300013T 060000008821120000000   1400000004376042551CPO425/001     05052018000000000007240341081620CPO425/001               090000000000000000J C DOS SANTOS SALTO   ME                         000000000000590040102                     
1040001300014U 06000000000000000000000000000000000000000000000000000000000000000000000007240000000000007240000000000000000000000000000000040520180805201800000805201800000000000000000000000000000000000000000000000000000000000000000000       
1040001300015T 060000008821120000000   1400000001807042521CUC425/001     05052018000000000021720104033470CUC425/001               090000000000000000GONCALO ANTONIO GRANDE                            000000000000590020102                     
1040001300016U 06000000000000000000000000000000000000000000000000000000000000000000000021720000000000021720000000000000000000000000000000040520180805201800000805201800000000000000000000000000000000000000000000000000000000000000000000       
1040001300017T 060000008821120000000   1400000002078042521CYA425/001     05052018000000000014480104013510CYA425/001               090000000000000000FRANCISCA MARIA DA CONCEICAO                      000000000000590020102                     
1040001300018U 06000000000000000000000000000000000000000000000000000000000000000000000014480000000000014480000000000000000000000000000000040520180805201800000805201800000000000000000000000000000000000000000000000000000000000000000000       
1040001300019T 060000008821120000000   1400000002455042521CZO425/001     05052018000000000007240237022290CZO425/001               090000000000000000BENEDITO FRANCISCO FILHO                          000000000000590040102                     
1040001300020U 06000000000000000000000000000000000000000000000000000000000000000000000007240000000000007240000000000000000000000000000000040520180805201800000805201800000000000000000000000000000000000000000000000000000000000000000000       
1040001300021T 060000008821120000000   1400000004207042511DHS425/001     05052018000000000007240341081620DHS425/001               090000000000000000J C DOS SANTOS SALTO   ME                         000000000000590040102                     
1040001300022U 06000000000000000000000000000000000000000000000000000000000000000000000007240000000000007240000000000000000000000000000000040520180805201800000805201800000000000000000000000000000000000000000000000000000000000000000000       
1040001300023T 060000008821120000000   1400000004205042521DQO425/001     05052018000000000014480341081620DQO425/001               090000000000000000J C DOS SANTOS SALTO   ME                         000000000000590040102                     
1040001300024U 06000000000000000000000000000000000000000000000000000000000000000000000014480000000000014480000000000000000000000000000000040520180805201800000805201800000000000000000000000000000000000000000000000000000000000000000000       
1040001300025T 060000008821120000000   1400000004061042501DTE425/001     05052018000000000021720033009190DTE425/001               090000000000000000CLAUDINEI BONASSA                                 000000000000590040102                     
1040001300026U 06000000000000000000000000000000000000000000000000000000000000000000000021720000000000021720000000000000000000000000000000040520180805201800000805201800000000000000000000000000000000000000000000000000000000000000000000       
1040001300027T 060000008821120000000   1400000003553042581DZX425/001     05052018000000000014480237022290DZX425/001               090000000000000000BENEDITO FRANCISCO FILHO                          000000000000590040102                     
1040001300028U 06000000000000000000000000000000000000000000000000000000000000000000000014480000000000014480000000000000000000000000000000040520180805201800000805201800000000000000000000000000000000000000000000000000000000000000000000       
1040001300029T 060000008821120000000   1400000000469700241EWJ002         04052018000000000057934341019510EWJ002                   090000000000000000ALVINO DA SILVA                                   000000000000590040102                     
1040001300030U 06000000000000000000000000000000000000000000000000000000000000000000000057934000000000057934000000000000000000000000000000040520180805201800000805201800000000000000000000000000000000000000000000000000000000000000000000       
1040001300031T 060000008821120000000   1400000000469700321EWJ003         04052018000000000057934341019510EWJ003                   090000000000000000ALVINO DA SILVA                                   000000000000590040102                     
1040001300032U 06000000000000000000000000000000000000000000000000000000000000000000000057934000000000057934000000000000000000000000000000040520180805201800000805201800000000000000000000000000000000000000000000000000000000000000000000       
1040001300033T 060000008821120000000   1400000004208042561EZA425/001     05052018000000000007240341081620EZA425/001               090000000000000000J C DOS SANTOS SALTO   ME                         000000000000590040102                     
1040001300034U 06000000000000000000000000000000000000000000000000000000000000000000000007240000000000007240000000000000000000000000000000040520180805201800000805201800000000000000000000000000000000000000000000000000000000000000000000       
1040001300035T 060000008821120000000   1400000003989042571FDB425/001     05052018000000000036200001009430FDB425/001               090000000000000000VANDIR VIERA ANTUNES                              000000000000590040102                     
1040001300036U 06000000000000000000000000000000000000000000000000000000000000000000000036200000000000036200000000000000000000000000000000040520180805201800000805201800000000000000000000000000000000000000000000000000000000000000000000       
1040001300037T 060000008821120000000   1400000004404042531FEW 425/001    05052018000000000043440237023240FEW 425/001              090000000000000000NW MONTAGENS IND  E LOCACOES LTDA   ME            000000000000590040102                     
1040001300038U 06000000000000000000000000000000000000000000000000000000000000000000000043440000000000043440000000000000000000000000000000040520180805201800000805201800000000000000000000000000000000000000000000000000000000000000000000       
1040001300039T 060000008821120000000   1400000004411042531FFI425/001     05052018000000000043440237023240FFI425/001               090000000000000000NW MONTAGENS IND  E LOCACOES LTDA   ME            000000000000590040102                     
1040001300040U 06000000000000000000000000000000000000000000000000000000000000000000000043440000000000043440000000000000000000000000000000040520180805201800000805201800000000000000000000000000000000000000000000000000000000000000000000       
1040001300041T 060000008821120000000   1400000004412042581GGF425/001     05052018000000000043440237023240GGF425/001               090000000000000000NW MONTAGENS IND  E LOCACOES LTDA   ME            000000000000590040102                     
1040001300042U 06000000000000000000000000000000000000000000000000000000000000000000000043440000000000043440000000000000000000000000000000040520180805201800000805201800000000000000000000000000000000000000000000000000000000000000000000       
1040001300043T 060000008821120000000   1400000001533042571GKP425/001     05052018000000000014480237022290GKP425/001               090000000000000000BENEDITO FRANCISCO FILHO                          000000000000590040102                     
1040001300044U 06000000000000000000000000000000000000000000000000000000000000000000000014480000000000014480000000000000000000000000000000040520180805201800000805201800000000000000000000000000000000000000000000000000000000000000000000       
1040001300045T 060000008821120000000   1400000004276042521GQR425/001     05052018000000000007240104003250GQR425/001               090000000000000000JOSE CLAUDIO TAZINAFO   ME                        000000000000590020102                     
1040001300046U 06000000000000000000000000000000000000000000000000000000000000000000000007240000000000007240000000000000000000000000000000040520180805201800000805201800000000000000000000000000000000000000000000000000000000000000000000       
1040001300047T 060000008821120000000   1400000004615042571HLX425/001     05052018000000000021720341096770HLX425/001               090000000000000000NUNES ASSESSORIA EMPRESARIAL LTDA ME              000000000000590040102                     
1040001300048U 06000000000000000000000000000000000000000000000000000000000000000000000021720000000000021720000000000000000000000000000000040520180805201800000805201800000000000000000000000000000000000000000000000000000000000000000000       
1040001300049T 060000008821120000000   1400000004206042571HQG 425/001    05052018000000000021720341081620HQG 425/001              090000000000000000J C DOS SANTOS SALTO   ME                         000000000000590040102                     
1040001300050U 06000000000000000000000000000000000000000000000000000000000000000000000021720000000000021720000000000000000000000000000000040520180805201800000805201800000000000000000000000000000000000000000000000000000000000000000000       
1040001300051T 060000008821120000000   1400000002467042551LXG425/001     05052018000000000021720341000130LXG425/001               090000000000000000WILSON HIDE YUKI KIKUSHI                          000000000000590040102                     
1040001300052U 06000000000000000000000000000000000000000000000000000000000000000000000021720000000000021720000000000000000000000000000000040520180805201800000805201800000000000000000000000000000000000000000000000000000000000000000000       
1040001300053T 060000008821120000000   1400000004045042511MDH425/001     05052018000000000021720341092620MDH425/001               090000000000000000ELISEU DONIZETTE GRILLO                           000000000000590040102                     
1040001300054U 06000000000000000000000000000000000000000000000000000000000000000000000021720000000000021720000000000000000000000000000000040520180805201800000805201800000000000000000000000000000000000000000000000000000000000000000000       
1040001300055T 060000008821120000000   1400000002741042591MFQ425/001     05052018000000000014480341064170MFQ425/001               090000000000000000MARCELO FERREIRA RAMOS                            000000000000590040102                     
1040001300056U 06000000000000000000000000000000000000000000000000000000000000000000000014480000000000014480000000000000000000000000000000040520180805201800000805201800000000000000000000000000000000000000000000000000000000000000000000       
1040001300057T 060000008821120000000   1400000004455042561MGU425/001     05052018000000000014480341049850MGU425/001               090000000000000000EDMILSON FRANCISCO DO NASCIMENTO                  000000000000590040102                     
1040001300058U 06000000000000000000000000000000000000000000000000000000000000000000000014480000000000014480000000000000000000000000000000040520180805201800000805201800000000000000000000000000000000000000000000000000000000000000000000       
1040001300059T 060000008821120000000   1400000004680042501NTG425/001     05052018000000000021720033038200NTG425/001               090000000000000000JOSE CARLOS DE FARIAS                             000000000000590040102                     
1040001300060U 06000000000000000000000000000000000000000000000000000000000000000000000021720000000000021720000000000000000000000000000000040520180805201800000805201800000000000000000000000000000000000000000000000000000000000000000000       
1040001300061T 020000008821120000000   1400000000039570341DPC9918        07052018000000000031589000000000DPC9918                  091000035582765824VANESSA PEREIRA DOS SANTOS                        000000000000000                           
1040001300062U 02000000000000000000000000000000000000000000000000000000000000000000000000000000000000000000000000000000000000000000000000040520180000000000000405201800000000000000000000000000000000000000000000000000000000000000000000       
1040001300063T 020000008821120000000   1400000000039570421DPC9918-       07052018000000000031589000000000DPC9918-                 091000035582765824VANESSA PEREIRA DOS SANTOS                        000000000000000                           
1040001300064U 02000000000000000000000000000000000000000000000000000000000000000000000000000000000000000000000000000000000000000000000000040520180000000000000405201800000000000000000000000000000000000000000000000000000000000000000000       
1040001300065T 030000008821120000000   1400000004395042581BFE425/001     05052018000000000007240000000000BFE425/001               090000000000000000                                                  00000000000000008                         
1040001300066U 03000000000000000000000000000000000000000000000000000000000000000000000000000000000000000000000000000000000000000000000000040520180000000000000000000000000000000000000000000000000000000000000000000000000000000000000000       
1040001300067T 030000008821120000000   1400000004661042571CJH425/001     05052018000000000014480000000000CJH425/001               090000000000000000                                                  00000000000000008                         
1040001300068U 03000000000000000000000000000000000000000000000000000000000000000000000000000000000000000000000000000000000000000000000000040520180000000000000000000000000000000000000000000000000000000000000000000000000000000000000000       
1040001300069T 030000008821120000000   1400000002475042501CLH 425/001    05052018000000000014480000000000CLH 425/001              090000000000000000                                                  00000000000000008                         
1040001300070U 03000000000000000000000000000000000000000000000000000000000000000000000000000000000000000000000000000000000000000000000000040520180000000000000000000000000000000000000000000000000000000000000000000000000000000000000000       
1040001300071T 030000008821120000000   1400000003163042501CNI425/001     05052018000000000007240000000000CNI425/001               090000000000000000                                                  00000000000000008                         
1040001300072U 03000000000000000000000000000000000000000000000000000000000000000000000000000000000000000000000000000000000000000000000000040520180000000000000000000000000000000000000000000000000000000000000000000000000000000000000000       
1040001300073T 030000008821120000000   1400000003579042521DTV425/001     05052018000000000014480000000000DTV425/001               090000000000000000                                                  00000000000000008                         
1040001300074U 03000000000000000000000000000000000000000000000000000000000000000000000000000000000000000000000000000000000000000000000000040520180000000000000000000000000000000000000000000000000000000000000000000000000000000000000000       
1040001300075T 030000008821120000000   1400000004499042591EDF425/001     05052018000000000007240000000000EDF425/001               090000000000000000                                                  00000000000000008                         
1040001300076U 03000000000000000000000000000000000000000000000000000000000000000000000000000000000000000000000000000000000000000000000000040520180000000000000000000000000000000000000000000000000000000000000000000000000000000000000000       
1040001300077T 030000008821120000000   1400000004365042571FAR425/001     05052018000000000014480000000000FAR425/001               090000000000000000                                                  00000000000000008                         
1040001300078U 03000000000000000000000000000000000000000000000000000000000000000000000000000000000000000000000000000000000000000000000000040520180000000000000000000000000000000000000000000000000000000000000000000000000000000000000000       
1040001300079T 030000008821120000000   1400000002551042571GVP425/001     05052018000000000021720000000000GVP425/001               090000000000000000                                                  00000000000000008                         
1040001300080U 03000000000000000000000000000000000000000000000000000000000000000000000000000000000000000000000000000000000000000000000000040520180000000000000000000000000000000000000000000000000000000000000000000000000000000000000000       
1040001300081T 030000008821120000000   1400000000045140471KXP5167        04052018000000000029805000000000KXP5167                  090000000000000000                                                  00000000000000008                         
1040001300082U 03000000000000000000000000000000000000000000000000000000000000000000000000000000000000000000000000000000000000000000000000040520180000000000000000000000000000000000000000000000000000000000000000000000000000000000000000       
1040001300083T 280000008821120000000                     0               00000000000000000000000000000000                         000000000000000000                                                  0000000000000000000000000                 
1040001300084U 280000000000000000000000000000000000000000000000000000000000000000000000000000000000000000000000000000000000000000000000000405201800000000000004052018000000000000000                              000                           
10400015         00008600000000000000000000000000000000000000000000000000000000000000000000000000000000000000000000                                                                                                                             
10499999         000001000088                                                                                                                                                                                                                   
