10400000         2235662510001330000000000000000000001655188211200000000RASTREADORES PROTEGE LTDA   MEC ECON FEDERAL                          21005201804365600009904000000                    RETORNO-PRODUCAO                  000            
10400011T0100030 20235662510001330000000000000000000001655188211200000000RASTREADORES PROTEGE LTDA   ME                                                                                00000099100520180000000000                          00   
1040001300001T 060000008821120000000   1400000004644042701               05072018000000000007240104011760                         090000000000000000                                                  000000000000590020102                     
1040001300002U 06000000000000000000000000000000000000000000000000000000000000000000000007240000000000007240000000000000000000000000000000100520181405201800001405201800000000000000000000000000000000000000000000000000000000000000000000       
1040001300003T 060000008821120000000   1400000004112042761               05072018000000000007240104041450                         090000000000000000                                                  000000000000590060102                     
1040001300004U 06000000000000000000000000000000000000000000000000000000000000000000000007240000000000007240000000000000000000000000000000100520181405201800001405201800000000000000000000000000000000000000000000000000000000000000000000       
1040001300005T 060000008821120000000   1400000004112042681               05062018000000000007240104041450                         090000000000000000                                                  000000000000590060102                     
1040001300006U 06000000000000735000000000000000000000000000000000000000000000000000000007975000000000007975000000000000000000000000000000100520181405201800001405201800000000000000000000000000000000000000000000000000000000000000000000       
1040001300007T 060000008821120000000   1400000004379042591ABI425/001     05052018000000000014480104003420ABI425/001               090000000000000000FERNANDO CAPARROS                                 000000000000590020102                     
1040001300008U 06000000000000310000000000000000000000000000000000000000000000000000000014790000000000014790000000000000000000000000000000100520181405201800001405201800000000000000000000000000000000000000000000000000000000000000000000       
1040001300009T 060000008821120000000   1400000004523042591ADL425/001     05052018000000000007240104017780ADL425/001               090000000000000000MARCELO FURGERI BELENTI                           000000000000590020102                     
1040001300010U 06000000000000155000000000000000000000000000000000000000000000000000000007395000000000007395000000000000000000000000000000100520181405201800001405201800000000000000000000000000000000000000000000000000000000000000000000       
1040001300011T 060000008821120000000   1400000357400000531BVX1753/005    15052018000000000015000104044990BVX1753/005              090000000000000000WILSON ARRUDA                                     000000000000590020102                     
1040001300012U 06000000000000000000000000000000000000000000000000000000000000000000000015000000000000015000000000000000000000000000000000100520181405201800001405201800000000000000000000000000000000000000000000000000000000000000000000       
1040001300013T 060000008821120000000   1400000002777042571BWC 425/001    10052018000000000014480341000410BWC 425/001              090000000000000000JOAO BIANCHI                                      000000000000590040102                     
1040001300014U 06000000000000000000000000000000000000000000000000000000000000000000000014480000000000014480000000000000000000000000000000100520181405201800001405201800000000000000000000000000000000000000000000000000000000000000000000       
1040001300015T 060000008821120000000   1400000277700000501BWC0008/005    15052018000000000023540341000410BWC0008/005              090000000000000000JOAO BIANCHI                                      000000000000590040102                     
1040001300016U 06000000000000000000000000000000000000000000000000000000000000000000000023540000000000023540000000000000000000000000000000100520181405201800001405201800000000000000000000000000000000000000000000000000000000000000000000       
1040001300017T 060000008821120000000   1400000004558042521BWP425/001     05052018000000000007240104008990BWP425/001               090000000000000000ALAN DAVID GARCIA                                 000000000000590020102                     
1040001300018U 06000000000000155000000000000000000000000000000000000000000000000000000007395000000000007395000000000000000000000000000000100520181405201800001405201800000000000000000000000000000000000000000000000000000000000000000000       
1040001300019T 060000008821120000000   1400000376500000501CIV9073/005    15052018000000000020509237005910CIV9073/005              090000000000000000MILTON CANDIDO DE SA                              000000000000590040102                     
1040001300020U 06000000000000000000000000000000000000000000000000000000000000000000000020509000000000020509000000000000000000000000000000100520181405201800001405201800000000000000000000000000000000000000000000000000000000000000000000       
1040001300021T 060000008821120000000   1400000433900000501CXG2018/005    15052018000000000024875237004530CXG2018/005              090000000000000000ARLINDO APARECIDO MONTINI                         000000000000590040102                     
1040001300022U 06000000000000000000000000000000000000000000000000000000000000000000000024875000000000024875000000000000000000000000000000100520181405201800001405201800000000000000000000000000000000000000000000000000000000000000000000       
1040001300023T 060000008821120000000   1400000003384042581DPB0425/001    05052018000000000014480104003450DPB0425/001              090000000000000000RAFAEL GARBES FEITOSA                             000000000000590020102                     
1040001300024U 06000000000000310000000000000000000000000000000000000000000000000000000014790000000000014790000000000000000000000000000000100520181405201800001405201800000000000000000000000000000000000000000000000000000000000000000000       
1040001300025T 060000008821120000000   1400000004020042511EDR425/001     05052018000000000021720104003510EDR425/001               090000000000000000RAFAEL DOMINGOS VITORIO                           000000000000590020102                     
1040001300026U 06000000000000469000000000000000000000000000000000000000000000000000000022189000000000022189000000000000000000000000000000100520181405201800001405201800000000000000000000000000000000000000000000000000000000000000000000       
1040001300027T 060000008821120000000   1400000004271042501ESU0425/001    05052018000000000021720104041400ESU0425/001              090000000000000000UILTON RUDNEI ARIOZA                              000000000000590020102                     
1040001300028U 06000000000000469000000000000000000000000000000000000000000000000000000022189000000000022189000000000000000000000000000000100520181405201800001405201800000000000000000000000000000000000000000000000000000000000000000000       
1040001300029T 060000008821120000000   1400000461000000571GVK2754/003    15052018000000000023138104020230GVK2754/003              090000000000000000ORLANDO JOSE DE SANT ANNA                         000000000000590060102                     
1040001300030U 06000000000000000000000000000000000000000000000000000000000000000000000023138000000000023138000000000000000000000000000000100520181405201800001405201800000000000000000000000000000000000000000000000000000000000000000000       
1040001300031T 060000008821120000000   1400000004610042541GVK425/001     05052018000000000014480104040940GVK425/001               090000000000000000ORLANDO JOSE DE SANT ANNA                         000000000000590030102                     
1040001300032U 06000000000000310000000000000000000000000000000000000000000000000000000014790000000000014790000000000000000000000000000000100520181405201800001405201800000000000000000000000000000000000000000000000000000000000000000000       
1040001300033T 060000008821120000000   1400000002546042561HUS425/001     05052018000000000014480104008970HUS425/001               090000000000000000JURACI LADEIRA                                    000000000000590020102                     
1040001300034U 06000000000000310000000000000000000000000000000000000000000000000000000014790000000000014790000000000000000000000000000000100520181405201800001405201800000000000000000000000000000000000000000000000000000000000000000000       
1040001300035T 060000008821120000000   1400000442500000561JSN2018/005    15052018000000000026509237027990JSN2018/005              090000000000000000ANDERSON DE OLIVEIRA PRESTES                      000000000000590040102                     
1040001300036U 06000000000000000000000000000000000000000000000000000000000000000000000026509000000000026509000000000000000000000000000000100520181405201800001405201800000000000000000000000000000000000000000000000000000000000000000000       
1040001300037T 060000008821120000000   1400000000875042571KSW425/001     05052018000000000014480104041400KSW425/001               090000000000000000UILTON RUDNEI ARIOZA                              000000000000590020102                     
1040001300038U 06000000000000310000000000000000000000000000000000000000000000000000000014790000000000014790000000000000000000000000000000100520181405201800001405201800000000000000000000000000000000000000000000000000000000000000000000       
1040001300039T 060000008821120000000   1400000004112042501LRK425/001     05052018000000000007240104041450LRK425/001               090000000000000000F FRANKLIN DOS SANTOS TRANSPORTADORA   M          000000000000590060102                     
1040001300040U 06000000000000155000000000000000000000000000000000000000000000000000000007395000000000007395000000000000000000000000000000100520181405201800001405201800000000000000000000000000000000000000000000000000000000000000000000       
1040001300041T 060000008821120000000   1400000000431300331MDQ1913        10052018000000000023256237013110MDQ1913                  090000000000000000AMILCAR DE JESUS AZEVEDO JUNIOR                   000000000000590040102                     
1040001300042U 06000000000000000000000000000000000000000000000000000000000000000000000023256000000000023256000000000000000000000000000000100520181405201800001405201800000000000000000000000000000000000000000000000000000000000000000000       
1040001300043T 090000008821120000000   1400000004220042571AEC425/001     05052018000000000007240000000000AEC425/001               091000014739875802EMERSON SOARES SANTOS                             00000000000045012                         
1040001300044U 09000000000000000000000000000000000000000000000000000000000000000000000000000000000000000000000000000000000000000000000000100520180000000000001005201800000000000000000000000000000000000000000000000000000000000000000000       
1040001300045T 090000008821120000000   1400000004215042561AFS425/001     05052018000000000021720000000000AFS425/001               091000031615950842ELAINE DE ALMEIDA SOUZA                           00000000000045012                         
1040001300046U 09000000000000000000000000000000000000000000000000000000000000000000000000000000000000000000000000000000000000000000000000100520180000000000001005201800000000000000000000000000000000000000000000000000000000000000000000       
1040001300047T 090000008821120000000   1400000004646042521AFY425/001     05052018000000000014480000000000AFY425/001               091000003445285969FLAVIO DA SILVA MENDONCA                          00000000000045012                         
1040001300048U 09000000000000000000000000000000000000000000000000000000000000000000000000000000000000000000000000000000000000000000000000100520180000000000001005201800000000000000000000000000000000000000000000000000000000000000000000       
1040001300049T 090000008821120000000   1400000000709042571AJM425/001     05052018000000000014480000000000AJM425/001               091000006730681888ILSON ANTONIO BASSETE                             00000000000045012                         
1040001300050U 09000000000000000000000000000000000000000000000000000000000000000000000000000000000000000000000000000000000000000000000000100520180000000000001005201800000000000000000000000000000000000000000000000000000000000000000000       
1040001300051T 090000008821120000000   1400000004366042511AJW425/001     05052018000000000007240000000000AJW425/001               091000009268298821JOSELITO MAURICIO DE ALMEIDA                      00000000000045012                         
1040001300052U 09000000000000000000000000000000000000000000000000000000000000000000000000000000000000000000000000000000000000000000000000100520180000000000001005201800000000000000000000000000000000000000000000000000000000000000000000       
1040001300053T 090000008821120000000   1400000004555042591AJY425/001     05052018000000000028960000000000AJY425/001               091000005758898961MARK DIEISON LOPES CHAVES                         00000000000045012                         
1040001300054U 09000000000000000000000000000000000000000000000000000000000000000000000000000000000000000000000000000000000000000000000000100520180000000000001005201800000000000000000000000000000000000000000000000000000000000000000000       
1040001300055T 090000008821120000000   1400000004684042581AKE425/001     05052018000000000014480000000000AKE425/001               091000010338264809JOSE AMERICO DA SILVA                             00000000000045012                         
1040001300056U 09000000000000000000000000000000000000000000000000000000000000000000000000000000000000000000000000000000000000000000000000100520180000000000001005201800000000000000000000000000000000000000000000000000000000000000000000       
1040001300057T 090000008821120000000   1400000003909042581ALT425/001     05052018000000000014480000000000ALT425/001               091000028890028882ALVARO HENRIQUES DE SIQUEIRA                      00000000000045012                         
1040001300058U 09000000000000000000000000000000000000000000000000000000000000000000000000000000000000000000000000000000000000000000000000100520180000000000001005201800000000000000000000000000000000000000000000000000000000000000000000       
1040001300059T 090000008821120000000   1400000004577042551AQP 425/001    05052018000000000014480000000000AQP 425/001              091000031240671857MARCELO PINHEIRO DELLAMURA                        00000000000045012                         
1040001300060U 09000000000000000000000000000000000000000000000000000000000000000000000000000000000000000000000000000000000000000000000000100520180000000000001005201800000000000000000000000000000000000000000000000000000000000000000000       
1040001300061T 090000008821120000000   1400000004531042531ASB425/001     05052018000000000036200000000000ASB425/001               092021977215000137M BRAGA TRANSPORTES LTDA ME                       00000000000045012                         
1040001300062U 09000000000000000000000000000000000000000000000000000000000000000000000000000000000000000000000000000000000000000000000000100520180000000000001005201800000000000000000000000000000000000000000000000000000000000000000000       
1040001300063T 090000008821120000000   1400000004546042501AUQ425/001     05052018000000000021720000000000AUQ425/001               091000032553721862EDUARDO CANANEA DE OLIVEIRA                       00000000000045012                         
1040001300064U 09000000000000000000000000000000000000000000000000000000000000000000000000000000000000000000000000000000000000000000000000100520180000000000001005201800000000000000000000000000000000000000000000000000000000000000000000       
1040001300065T 090000008821120000000   1400000000764042561BHO425/001     05052018000000000014480000000000BHO425/001               092004352154000101EDVALDO SOTHERO DE GODOY ME                       00000000000045012                         
1040001300066U 09000000000000000000000000000000000000000000000000000000000000000000000000000000000000000000000000000000000000000000000000100520180000000000001005201800000000000000000000000000000000000000000000000000000000000000000000       
1040001300067T 090000008821120000000   1400000004056042501BIF425/001     05052018000000000014480000000000BIF425/001               091000043709583772RUBEM NUNES DE SOUZA                              00000000000045012                         
1040001300068U 09000000000000000000000000000000000000000000000000000000000000000000000000000000000000000000000000000000000000000000000000100520180000000000001005201800000000000000000000000000000000000000000000000000000000000000000000       
1040001300069T 090000008821120000000   1400000000801042531BPG425/001     05052018000000000014480000000000BPG425/001               091000028946638893ISRAEL SANTOS LUCA                                00000000000045012                         
1040001300070U 09000000000000000000000000000000000000000000000000000000000000000000000000000000000000000000000000000000000000000000000000100520180000000000001005201800000000000000000000000000000000000000000000000000000000000000000000       
1040001300071T 090000008821120000000   1400000002095042561BQP425/001     05052018000000000007240000000000BQP425/001               091000094482438804IVO MARCHESINE DA SILVA                           00000000000045012                         
1040001300072U 09000000000000000000000000000000000000000000000000000000000000000000000000000000000000000000000000000000000000000000000000100520180000000000001005201800000000000000000000000000000000000000000000000000000000000000000000       
1040001300073T 090000008821120000000   1400000004695042561BSF425/001     05052018000000000007240000000000BSF425/001               091000035076891890ERNESTO CARLOS ESTEVES FILHO                      00000000000045012                         
1040001300074U 09000000000000000000000000000000000000000000000000000000000000000000000000000000000000000000000000000000000000000000000000100520180000000000001005201800000000000000000000000000000000000000000000000000000000000000000000       
1040001300075T 090000008821120000000   1400000004184042541BTB425/001     05052018000000000014480000000000BTB425/001               091000011548349801ADAO VALDECIR MUNIZ                               00000000000045012                         
1040001300076U 09000000000000000000000000000000000000000000000000000000000000000000000000000000000000000000000000000000000000000000000000100520180000000000001005201800000000000000000000000000000000000000000000000000000000000000000000       
1040001300077T 090000008821120000000   1400000004314042541BUD425/001     05052018000000000021720000000000BUD425/001               091000077786661891ALVARO GOULART DE SOUSA                           00000000000045012                         
1040001300078U 09000000000000000000000000000000000000000000000000000000000000000000000000000000000000000000000000000000000000000000000000100520180000000000001005201800000000000000000000000000000000000000000000000000000000000000000000       
1040001300079T 090000008821120000000   1400000003574042501BVX425/001     05052018000000000007240000000000BVX425/001               091000004290060803WILSON ARRUDA                                     00000000000045012                         
1040001300080U 09000000000000000000000000000000000000000000000000000000000000000000000000000000000000000000000000000000000000000000000000100520180000000000001005201800000000000000000000000000000000000000000000000000000000000000000000       
1040001300081T 090000008821120000000   1400000003164045221BWC425/001     05052018000000000014480000000000BWC425/001               091000011548349801ADAO VALDECIR MUNIZ                               00000000000045012                         
1040001300082U 09000000000000000000000000000000000000000000000000000000000000000000000000000000000000000000000000000000000000000000000000100520180000000000001005201800000000000000000000000000000000000000000000000000000000000000000000       
1040001300083T 090000008821120000000   1400000004589042581BWG425/001     05052018000000000007240000000000BWG425/001               091000032933386828LUIS FERNANDO BATONI GERBI JUNIOR                 00000000000045012                         
1040001300084U 09000000000000000000000000000000000000000000000000000000000000000000000000000000000000000000000000000000000000000000000000100520180000000000001005201800000000000000000000000000000000000000000000000000000000000000000000       
1040001300085T 090000008821120000000   1400000004688042561BWQ425/001     05052018000000000014480000000000BWQ425/001               091000032466507803BRUNO GUSTAVO DONZELLA                            00000000000045012                         
1040001300086U 09000000000000000000000000000000000000000000000000000000000000000000000000000000000000000000000000000000000000000000000000100520180000000000001005201800000000000000000000000000000000000000000000000000000000000000000000       
1040001300087T 090000008821120000000   1400000002854042591BWT425/001     05052018000000000007240000000000BWT425/001               091000089151097834EDUARDO MARTINS DE OLIVEIRA                       00000000000045012                         
1040001300088U 09000000000000000000000000000000000000000000000000000000000000000000000000000000000000000000000000000000000000000000000000100520180000000000001005201800000000000000000000000000000000000000000000000000000000000000000000       
1040001300089T 090000008821120000000   1400000004084042511BXE425/001     05052018000000000014480000000000BXE425/001               091000006723612485FABIANO RAMIM                                     00000000000045012                         
1040001300090U 09000000000000000000000000000000000000000000000000000000000000000000000000000000000000000000000000000000000000000000000000100520180000000000001005201800000000000000000000000000000000000000000000000000000000000000000000       
1040001300091T 090000008821120000000   1400000004323042531BXF425/001     05052018000000000014480000000000BXF425/001               092066562596000121ARTUR GRANA NETO   ME                             00000000000045012                         
1040001300092U 09000000000000000000000000000000000000000000000000000000000000000000000000000000000000000000000000000000000000000000000000100520180000000000001005201800000000000000000000000000000000000000000000000000000000000000000000       
1040001300093T 090000008821120000000   1400000003020042501BXI 425/001    05052018000000000007240000000000BXI 425/001              091000017552643803RODRIGO ANTONIO TEIXEIRA DA MOTTA                 00000000000045012                         
1040001300094U 09000000000000000000000000000000000000000000000000000000000000000000000000000000000000000000000000000000000000000000000000100520180000000000001005201800000000000000000000000000000000000000000000000000000000000000000000       
1040001300095T 090000008821120000000   1400000003696042591BXI425/001     05052018000000000014480000000000BXI425/001               091000043678190510FIDELSINO PEREIRA DOS SANTOS                      00000000000045012                         
1040001300096U 09000000000000000000000000000000000000000000000000000000000000000000000000000000000000000000000000000000000000000000000000100520180000000000001005201800000000000000000000000000000000000000000000000000000000000000000000       
1040001300097T 090000008821120000000   1400000004415042511BYD425/001     05052018000000000014480000000000BYD425/001               091000003727366451MARCOS AMANCIO DA SILVA                           00000000000045012                         
1040001300098U 09000000000000000000000000000000000000000000000000000000000000000000000000000000000000000000000000000000000000000000000000100520180000000000001005201800000000000000000000000000000000000000000000000000000000000000000000       
1040001300099T 090000008821120000000   1400000001232042541BYH 425/001    05052018000000000007240000000000BYH 425/001              091000065535340804CARLOS ROBERTO DA SILVA                           00000000000045012                         
1040001300100U 09000000000000000000000000000000000000000000000000000000000000000000000000000000000000000000000000000000000000000000000000100520180000000000001005201800000000000000000000000000000000000000000000000000000000000000000000       
1040001300101T 090000008821120000000   1400000004217042551CGL425/001     05052018000000000021720000000000CGL425/001               091000034385921857MICHEL OLIVEIRA DE RESENDE                        00000000000045012                         
1040001300102U 09000000000000000000000000000000000000000000000000000000000000000000000000000000000000000000000000000000000000000000000000100520180000000000001005201800000000000000000000000000000000000000000000000000000000000000000000       
1040001300103T 090000008821120000000   1400000002116042541CGU425/001     05052018000000000014480000000000CGU425/001               091000001590311841LAIR ANTONIO BARBOSA ARAUJO                       00000000000045012                         
1040001300104U 09000000000000000000000000000000000000000000000000000000000000000000000000000000000000000000000000000000000000000000000000100520180000000000001005201800000000000000000000000000000000000000000000000000000000000000000000       
1040001300105T 090000008821120000000   1400000004399042561CIK425/001     05052018000000000007240000000000CIK425/001               091000030759318883FABIO ROSANTE                                     00000000000045012                         
1040001300106U 09000000000000000000000000000000000000000000000000000000000000000000000000000000000000000000000000000000000000000000000000100520180000000000001005201800000000000000000000000000000000000000000000000000000000000000000000       
1040001300107T 090000008821120000000   1400000003814042561CJH 425/001    05052018000000000007240000000000CJH 425/001              091000052022048849WALTER VALE                                       00000000000045012                         
1040001300108U 09000000000000000000000000000000000000000000000000000000000000000000000000000000000000000000000000000000000000000000000000100520180000000000001005201800000000000000000000000000000000000000000000000000000000000000000000       
1040001300109T 090000008821120000000   1400000004607042521CKF425/001     05052018000000000014480000000000CKF425/001               091000014714769871ITALO RODES PEREIRA                               00000000000045012                         
1040001300110U 09000000000000000000000000000000000000000000000000000000000000000000000000000000000000000000000000000000000000000000000000100520180000000000001005201800000000000000000000000000000000000000000000000000000000000000000000       
1040001300111T 090000008821120000000   1400000004083042571CLJ 425/001    05052018000000000021720000000000CLJ 425/001              091000006723612485FABIANO RAMIM                                     00000000000045012                         
1040001300112U 09000000000000000000000000000000000000000000000000000000000000000000000000000000000000000000000000000000000000000000000000100520180000000000001005201800000000000000000000000000000000000000000000000000000000000000000000       
1040001300113T 090000008821120000000   1400000004564042581CLJ425/001     05052018000000000007240000000000CLJ425/001               092021263799000189CARLOS CESAR COELHO JUNIOR   ME                   00000000000045012                         
1040001300114U 09000000000000000000000000000000000000000000000000000000000000000000000000000000000000000000000000000000000000000000000000100520180000000000001005201800000000000000000000000000000000000000000000000000000000000000000000       
1040001300115T 090000008821120000000   1400000002525042541CLU0425/001    05052018000000000014480000000000CLU0425/001              092008695838000159WELLINGTON ROSA BATISTA TRANSPORTES ME            00000000000045012                         
1040001300116U 09000000000000000000000000000000000000000000000000000000000000000000000000000000000000000000000000000000000000000000000000100520180000000000001005201800000000000000000000000000000000000000000000000000000000000000000000       
1040001300117T 090000008821120000000   1400000004420042521CLU425/001     05052018000000000036200000000000CLU425/001               091000021872467873CLEBER JACKSON TAVARES                            00000000000045012                         
1040001300118U 09000000000000000000000000000000000000000000000000000000000000000000000000000000000000000000000000000000000000000000000000100520180000000000001005201800000000000000000000000000000000000000000000000000000000000000000000       
1040001300119T 090000008821120000000   1400000002488042571CPR425/001     05052018000000000007240000000000CPR425/001               091000007330355828PEDRO TADEU INACIO                                00000000000045012                         
1040001300120U 09000000000000000000000000000000000000000000000000000000000000000000000000000000000000000000000000000000000000000000000000100520180000000000001005201800000000000000000000000000000000000000000000000000000000000000000000       
1040001300121T 090000008821120000000   1400000004134042561CQH425/001     05052018000000000014480000000000CQH425/001               092005850997000192BBR TRANSPORTES LTDA   ME                         00000000000045012                         
1040001300122U 09000000000000000000000000000000000000000000000000000000000000000000000000000000000000000000000000000000000000000000000000100520180000000000001005201800000000000000000000000000000000000000000000000000000000000000000000       
1040001300123T 090000008821120000000   1400000002646042591CSQ425/001     05052018000000000007240000000000CSQ425/001               091000028448839900FERNANDO ZUMBA DA COSTA                           00000000000045012                         
1040001300124U 09000000000000000000000000000000000000000000000000000000000000000000000000000000000000000000000000000000000000000000000000100520180000000000001005201800000000000000000000000000000000000000000000000000000000000000000000       
1040001300125T 090000008821120000000   1400000004527042571CUC 425/001    05052018000000000021720000000000CUC 425/001              091000012105410847HENRIQUE SPINOSA MOSSINI                          00000000000045012                         
1040001300126U 09000000000000000000000000000000000000000000000000000000000000000000000000000000000000000000000000000000000000000000000000100520180000000000001005201800000000000000000000000000000000000000000000000000000000000000000000       
1040001300127T 090000008821120000000   1400000004419042501CUD425/001     05052018000000000021720000000000CUD425/001               092064867062000188G R  PRADO REPRESENTACOES LTDA ME                 00000000000045012                         
1040001300128U 09000000000000000000000000000000000000000000000000000000000000000000000000000000000000000000000000000000000000000000000000100520180000000000001005201800000000000000000000000000000000000000000000000000000000000000000000       
1040001300129T 090000008821120000000   1400000004616042511CXA425/001     05052018000000000014480000000000CXA425/001               091000030362827850GUSTAVO HENRIQUE PECEGO                           00000000000045012                         
1040001300130U 09000000000000000000000000000000000000000000000000000000000000000000000000000000000000000000000000000000000000000000000000100520180000000000001005201800000000000000000000000000000000000000000000000000000000000000000000       
1040001300131T 090000008821120000000   1400000003950042551CYI425/001     05052018000000000014480000000000CYI425/001               091000002407315308JOSE RIBAMAR MONTELIS DA SILVA                    00000000000045012                         
1040001300132U 09000000000000000000000000000000000000000000000000000000000000000000000000000000000000000000000000000000000000000000000000100520180000000000001005201800000000000000000000000000000000000000000000000000000000000000000000       
1040001300133T 090000008821120000000   1400000004581042511CYN425/001     05052018000000000014480000000000CYN425/001               091000015530654843JOSE ANDRADE DE SOUZA JUNIOR                      00000000000045012                         
1040001300134U 09000000000000000000000000000000000000000000000000000000000000000000000000000000000000000000000000000000000000000000000000100520180000000000001005201800000000000000000000000000000000000000000000000000000000000000000000       
1040001300135T 090000008821120000000   1400000003386042571CZB 425/001    05052018000000000021720000000000CZB 425/001              091000006603594803NEIL SOARES ARRUDA                                00000000000045012                         
1040001300136U 09000000000000000000000000000000000000000000000000000000000000000000000000000000000000000000000000000000000000000000000000100520180000000000001005201800000000000000000000000000000000000000000000000000000000000000000000       
1040001300137T 090000008821120000000   1400000004446042571DAX425/001     05052018000000000014480000000000DAX425/001               091000014982728860LEANDRO DE MELLO                                  00000000000045012                         
1040001300138U 09000000000000000000000000000000000000000000000000000000000000000000000000000000000000000000000000000000000000000000000000100520180000000000001005201800000000000000000000000000000000000000000000000000000000000000000000       
1040001300139T 090000008821120000000   1400000004702042521DBC 425/001    05052018000000000007240000000000DBC 425/001              091000040910900876DIEGO HENRIQUE QUINTAO CANTERO                    00000000000045012                         
1040001300140U 09000000000000000000000000000000000000000000000000000000000000000000000000000000000000000000000000000000000000000000000000100520180000000000001005201800000000000000000000000000000000000000000000000000000000000000000000       
1040001300141T 090000008821120000000   1400000003728042551DBC425/001     05052018000000000007240000000000DBC425/001               091000013565915153ANTONIO GILDASIO MENDES                           00000000000045012                         
1040001300142U 09000000000000000000000000000000000000000000000000000000000000000000000000000000000000000000000000000000000000000000000000100520180000000000001005201800000000000000000000000000000000000000000000000000000000000000000000       
1040001300143T 090000008821120000000   1400000004474042591DCO425/001     05052018000000000007240000000000DCO425/001               091000007345754839TARCISO FERREIRA                                  00000000000045012                         
1040001300144U 09000000000000000000000000000000000000000000000000000000000000000000000000000000000000000000000000000000000000000000000000100520180000000000001005201800000000000000000000000000000000000000000000000000000000000000000000       
1040001300145T 090000008821120000000   1400000004536042561DDS 425/001    05052018000000000007240000000000DDS 425/001              091000099962390800RAIMUNDO OLIVEIRA BISPO                           00000000000045012                         
1040001300146U 09000000000000000000000000000000000000000000000000000000000000000000000000000000000000000000000000000000000000000000000000100520180000000000001005201800000000000000000000000000000000000000000000000000000000000000000000       
1040001300147T 090000008821120000000   1400000003112042581DJC 425/001    05052018000000000007240000000000DJC 425/001              092004352154000101EDVALDO SOTHERO DE GODOY ME                       00000000000045012                         
1040001300148U 09000000000000000000000000000000000000000000000000000000000000000000000000000000000000000000000000000000000000000000000000100520180000000000001005201800000000000000000000000000000000000000000000000000000000000000000000       
1040001300149T 090000008821120000000   1400000004421042571DJC425/001     05052018000000000014480000000000DJC425/001               091000027475075800ALESSANDRO DA SILVA MATOS                         00000000000045012                         
1040001300150U 09000000000000000000000000000000000000000000000000000000000000000000000000000000000000000000000000000000000000000000000000100520180000000000001005201800000000000000000000000000000000000000000000000000000000000000000000       
1040001300151T 090000008821120000000   1400000002350042571DJE425/001     05052018000000000021720000000000DJE425/001               091000021622078187FRANCISCO OVIDIO NETO                             00000000000045012                         
1040001300152U 09000000000000000000000000000000000000000000000000000000000000000000000000000000000000000000000000000000000000000000000000100520180000000000001005201800000000000000000000000000000000000000000000000000000000000000000000       
1040001300153T 090000008821120000000   1400000002964042551DKR425/001     05052018000000000014480000000000DKR425/001               091000015058015838JOSE EURIPEDES PEREIRA DOS SANTOS                 00000000000045012                         
1040001300154U 09000000000000000000000000000000000000000000000000000000000000000000000000000000000000000000000000000000000000000000000000100520180000000000001005201800000000000000000000000000000000000000000000000000000000000000000000       
1040001300155T 090000008821120000000   1400000003807042561DPB 425/001    05052018000000000014480000000000DPB 425/001              091000017858815822EDILSON FAGUNDES PINTO                            00000000000045012                         
1040001300156U 09000000000000000000000000000000000000000000000000000000000000000000000000000000000000000000000000000000000000000000000000100520180000000000001005201800000000000000000000000000000000000000000000000000000000000000000000       
1040001300157T 090000008821120000000   1400000003957042571DPC 425/001    05052018000000000021720000000000DPC 425/001              091000035582765824VANESSA PEREIRA DOS SANTOS                        00000000000045012                         
1040001300158U 09000000000000000000000000000000000000000000000000000000000000000000000000000000000000000000000000000000000000000000000000100520180000000000001005201800000000000000000000000000000000000000000000000000000000000000000000       
1040001300159T 090000008821120000000   1400000004601042551DPC425/001     05052018000000000014480000000000DPC425/001               091000011143855817ANTONIO CARLOS BATISTA                            00000000000045012                         
1040001300160U 09000000000000000000000000000000000000000000000000000000000000000000000000000000000000000000000000000000000000000000000000100520180000000000001005201800000000000000000000000000000000000000000000000000000000000000000000       
1040001300161T 090000008821120000000   1400000004563042531DPF425R/001    05052018000000000021720000000000DPF425R/001              092021263799000189CARLOS CESAR COELHO JUNIOR   ME                   00000000000045012                         
1040001300162U 09000000000000000000000000000000000000000000000000000000000000000000000000000000000000000000000000000000000000000000000000100520180000000000001005201800000000000000000000000000000000000000000000000000000000000000000000       
1040001300163T 090000008821120000000   1400000004479042511DSD425/001     05052018000000000014480000000000DSD425/001               092013247224000144OLIVEIRA GUINCHO E SERVICOS DE TRANSPORT          00000000000045012                         
1040001300164U 09000000000000000000000000000000000000000000000000000000000000000000000000000000000000000000000000000000000000000000000000100520180000000000001005201800000000000000000000000000000000000000000000000000000000000000000000       
1040001300165T 090000008821120000000   1400000002522042501DVS 425/001    05052018000000000021720000000000DVS 425/001              091000006603594803NEIL SOARES ARRUDA                                00000000000045012                         
1040001300166U 09000000000000000000000000000000000000000000000000000000000000000000000000000000000000000000000000000000000000000000000000100520180000000000001005201800000000000000000000000000000000000000000000000000000000000000000000       
1040001300167T 090000008821120000000   1400000004592042501DXV425/001     05052018000000000021720000000000DXV425/001               091000036572371867PAULO HENRIQUE GARCIA SERRA                       00000000000045012                         
1040001300168U 09000000000000000000000000000000000000000000000000000000000000000000000000000000000000000000000000000000000000000000000000100520180000000000001005201800000000000000000000000000000000000000000000000000000000000000000000       
1040001300169T 090000008821120000000   1400000004430042561EFU 425/001    05052018000000000007240000000000EFU 425/001              091000027223289848MARLON OLIVEIRA CORREIA                           00000000000045012                         
1040001300170U 09000000000000000000000000000000000000000000000000000000000000000000000000000000000000000000000000000000000000000000000000100520180000000000001005201800000000000000000000000000000000000000000000000000000000000000000000       
1040001300171T 090000008821120000000   1400000003966042561EFU0425/001    05052018000000000014480000000000EFU0425/001              091000037140810893THIAGO SOARES DA SILVA                            00000000000045012                         
1040001300172U 09000000000000000000000000000000000000000000000000000000000000000000000000000000000000000000000000000000000000000000000000100520180000000000001005201800000000000000000000000000000000000000000000000000000000000000000000       
1040001300173T 090000008821120000000   1400000000810042521EFU425/001     05052018000000000014480000000000EFU425/001               092022477295000124HEITOR RODRIGUES PRATA LTDA                       00000000000045012                         
1040001300174U 09000000000000000000000000000000000000000000000000000000000000000000000000000000000000000000000000000000000000000000000000100520180000000000001005201800000000000000000000000000000000000000000000000000000000000000000000       
1040001300175T 090000008821120000000   1400000004660042521EFX425/001     05052018000000000021720000000000EFX425/001               091000024769313810PETERSON DE FREITAS                               00000000000045012                         
1040001300176U 09000000000000000000000000000000000000000000000000000000000000000000000000000000000000000000000000000000000000000000000000100520180000000000001005201800000000000000000000000000000000000000000000000000000000000000000000       
1040001300177T 090000008821120000000   1400000004673042501EGK0425/001    05052018000000000014480000000000EGK0425/001              091000045880271587RUBENILDO SANTANA REIS                            00000000000045012                         
1040001300178U 09000000000000000000000000000000000000000000000000000000000000000000000000000000000000000000000000000000000000000000000000100520180000000000001005201800000000000000000000000000000000000000000000000000000000000000000000       
1040001300179T 090000008821120000000   1400000004557042581EHQ425/001     05052018000000000014480000000000EHQ425/001               091000028285047865RICARDO DA SILVA FERNANDES                        00000000000045012                         
1040001300180U 09000000000000000000000000000000000000000000000000000000000000000000000000000000000000000000000000000000000000000000000000100520180000000000001005201800000000000000000000000000000000000000000000000000000000000000000000       
1040001300181T 090000008821120000000   1400000004444042581EJV 425/001    05052018000000000021720000000000EJV 425/001              092017407866000114SOUZA   ORNELLAS TRANSPORTES LTDA ME              00000000000045012                         
1040001300182U 09000000000000000000000000000000000000000000000000000000000000000000000000000000000000000000000000000000000000000000000000100520180000000000001005201800000000000000000000000000000000000000000000000000000000000000000000       
1040001300183T 090000008821120000000   1400000002848042531EJV425/001     05052018000000000014480000000000EJV425/001               091000013565915153ANTONIO GILDASIO MENDES                           00000000000045012                         
1040001300184U 09000000000000000000000000000000000000000000000000000000000000000000000000000000000000000000000000000000000000000000000000100520180000000000001005201800000000000000000000000000000000000000000000000000000000000000000000       
1040001300185T 090000008821120000000   1400000002965042501EJW 425/001    05052018000000000021720000000000EJW 425/001              091000025444602881VALDENIR CORDEIRO DA SILVA                        00000000000045012                         
1040001300186U 09000000000000000000000000000000000000000000000000000000000000000000000000000000000000000000000000000000000000000000000000100520180000000000001005201800000000000000000000000000000000000000000000000000000000000000000000       
1040001300187T 090000008821120000000   1400000004701042581EJW425/001     05052018000000000014480000000000EJW425/001               091000026673701803EDSON MESSIAS MARCELINO                           00000000000045012                         
1040001300188U 09000000000000000000000000000000000000000000000000000000000000000000000000000000000000000000000000000000000000000000000000100520180000000000001005201800000000000000000000000000000000000000000000000000000000000000000000       
1040001300189T 090000008821120000000   1400000004624042561ENM 425/001    05052018000000000014480000000000ENM 425/001              091000003031173970HEBER CARLOS NASCIMENTO                           00000000000045012                         
1040001300190U 09000000000000000000000000000000000000000000000000000000000000000000000000000000000000000000000000000000000000000000000000100520180000000000001005201800000000000000000000000000000000000000000000000000000000000000000000       
1040001300191T 090000008821120000000   1400000004623042511ENM425/001     05052018000000000014480000000000ENM425/001               091000003031173970HEBER CARLOS NASCIMENTO                           00000000000045012                         
1040001300192U 09000000000000000000000000000000000000000000000000000000000000000000000000000000000000000000000000000000000000000000000000100520180000000000001005201800000000000000000000000000000000000000000000000000000000000000000000       
1040001300193T 090000008821120000000   1400000004590042501EPW425/001     05052018000000000014480000000000EPW425/001               091000028730169810ELENILTON DE NOVAES VIEIRA                        00000000000045012                         
1040001300194U 09000000000000000000000000000000000000000000000000000000000000000000000000000000000000000000000000000000000000000000000000100520180000000000001005201800000000000000000000000000000000000000000000000000000000000000000000       
1040001300195T 090000008821120000000   1400000004111042551ERS425/001     05052018000000000014480000000000ERS425/001               091000080911579834JOAO MARTINS DE OLIVEIRA                          00000000000045012                         
1040001300196U 09000000000000000000000000000000000000000000000000000000000000000000000000000000000000000000000000000000000000000000000000100520180000000000001005201800000000000000000000000000000000000000000000000000000000000000000000       
1040001300197T 090000008821120000000   1400000004677042581ESU425/001     05052018000000000014480000000000ESU425/001               091000077786661891ALVARO GOULART DE SOUSA                           00000000000045012                         
1040001300198U 09000000000000000000000000000000000000000000000000000000000000000000000000000000000000000000000000000000000000000000000000100520180000000000001005201800000000000000000000000000000000000000000000000000000000000000000000       
1040001300199T 090000008821120000000   1400000004539042501EVK425/001     05052018000000000014480000000000EVK425/001               091000068145454891ADEMIR PORTELLA DE BIASO                          00000000000045012                         
1040001300200U 09000000000000000000000000000000000000000000000000000000000000000000000000000000000000000000000000000000000000000000000000100520180000000000001005201800000000000000000000000000000000000000000000000000000000000000000000       
1040001300201T 090000008821120000000   1400000004285042511EZK425/001     05052018000000000007240000000000EZK425/001               091000028611384830EVANDRO PEREIRA DE MELO                           00000000000045012                         
1040001300202U 09000000000000000000000000000000000000000000000000000000000000000000000000000000000000000000000000000000000000000000000000100520180000000000001005201800000000000000000000000000000000000000000000000000000000000000000000       
1040001300203T 090000008821120000000   1400000004227042591EZL425/001     05052018000000000007240000000000EZL425/001               091000027273883816JOSE IVAN GOMES                                   00000000000045012                         
1040001300204U 09000000000000000000000000000000000000000000000000000000000000000000000000000000000000000000000000000000000000000000000000100520180000000000001005201800000000000000000000000000000000000000000000000000000000000000000000       
1040001300205T 090000008821120000000   1400000046450042501EZU 425/001    05052018000000000021720000000000EZU 425/001              092021263799000189CARLOS CESAR COELHO JUNIOR   ME                   00000000000045012                         
1040001300206U 09000000000000000000000000000000000000000000000000000000000000000000000000000000000000000000000000000000000000000000000000100520180000000000001005201800000000000000000000000000000000000000000000000000000000000000000000       
1040001300207T 090000008821120000000   1400000004667042541FCB425/001     05052018000000000014480000000000FCB425/001               091000012707158879JOAO VICENTE VACCARI                              00000000000045012                         
1040001300208U 09000000000000000000000000000000000000000000000000000000000000000000000000000000000000000000000000000000000000000000000000100520180000000000001005201800000000000000000000000000000000000000000000000000000000000000000000       
1040001300209T 090000008821120000000   1400000004693042571FEB425/001     05052018000000000021720000000000FEB425/001               091000014135722865VALTER ALVES DE LIMA                              00000000000045012                         
1040001300210U 09000000000000000000000000000000000000000000000000000000000000000000000000000000000000000000000000000000000000000000000000100520180000000000001005201800000000000000000000000000000000000000000000000000000000000000000000       
1040001300211T 090000008821120000000   1400000004668042591FEJ425/001     05052018000000000014480000000000FEJ425/001               092014536532000152VELOZTER TRANPORTES LTDA   ME                     00000000000045012                         
1040001300212U 09000000000000000000000000000000000000000000000000000000000000000000000000000000000000000000000000000000000000000000000000100520180000000000001005201800000000000000000000000000000000000000000000000000000000000000000000       
1040001300213T 090000008821120000000   1400000004683042531FJR425/001     05052018000000000014480000000000FJR425/001               091000010338264809JOSE AMERICO DA SILVA                             00000000000045012                         
1040001300214U 09000000000000000000000000000000000000000000000000000000000000000000000000000000000000000000000000000000000000000000000000100520180000000000001005201800000000000000000000000000000000000000000000000000000000000000000000       
1040001300215T 090000008821120000000   1400000004595042531FLB425/001     05052018000000000014480000000000FLB425/001               091000030849832837FABIO NOGUEIRA SILVEIRA                           00000000000045012                         
1040001300216U 09000000000000000000000000000000000000000000000000000000000000000000000000000000000000000000000000000000000000000000000000100520180000000000001005201800000000000000000000000000000000000000000000000000000000000000000000       
1040001300217T 090000008821120000000   1400000004593042541FTD425/001     05052018000000000028960000000000FTD425/001               092021263799000189CARLOS CESAR COELHO JUNIOR   ME                   00000000000045012                         
1040001300218U 09000000000000000000000000000000000000000000000000000000000000000000000000000000000000000000000000000000000000000000000000100520180000000000001005201800000000000000000000000000000000000000000000000000000000000000000000       
1040001300219T 090000008821120000000   1400000003714042531GVJ425/001     05052018000000000021720000000000GVJ425/001               091000006723612485FABIANO RAMIM                                     00000000000045012                         
1040001300220U 09000000000000000000000000000000000000000000000000000000000000000000000000000000000000000000000000000000000000000000000000100520180000000000001005201800000000000000000000000000000000000000000000000000000000000000000000       
1040001300221T 090000008821120000000   1400000004331042581GWD425/001     05052018000000000014480000000000GWD425/001               091000030915526832MARCIO RICARDO DE OLIVEIRA                        00000000000045012                         
1040001300222U 09000000000000000000000000000000000000000000000000000000000000000000000000000000000000000000000000000000000000000000000000100520180000000000001005201800000000000000000000000000000000000000000000000000000000000000000000       
1040001300223T 090000008821120000000   1400000004000042541HIL425/001     05052018000000000021720000000000HIL425/001               092019036708000120COMERCIAL BOA SAFRA ITABERA LTDA   ME             00000000000045012                         
1040001300224U 09000000000000000000000000000000000000000000000000000000000000000000000000000000000000000000000000000000000000000000000000100520180000000000001005201800000000000000000000000000000000000000000000000000000000000000000000       
1040001300225T 090000008821120000000   1400000003482042511HQG425/001     05052018000000000021720000000000HQG425/001               091000018222807889ALESSANDRO ANTUNES GRANDE                         00000000000045012                         
1040001300226U 09000000000000000000000000000000000000000000000000000000000000000000000000000000000000000000000000000000000000000000000000100520180000000000001005201800000000000000000000000000000000000000000000000000000000000000000000       
1040001300227T 090000008821120000000   1400000002639042591HUF425/001     05052018000000000014480000000000HUF425/001               091000043678190510FIDELSINO PEREIRA DOS SANTOS                      00000000000045012                         
1040001300228U 09000000000000000000000000000000000000000000000000000000000000000000000000000000000000000000000000000000000000000000000000100520180000000000001005201800000000000000000000000000000000000000000000000000000000000000000000       
1040001300229T 090000008821120000000   1400000004682042591HYO425/001     05052018000000000014480000000000HYO425/001               091000042685819878CAIO CESAR SALES                                  00000000000045012                         
1040001300230U 09000000000000000000000000000000000000000000000000000000000000000000000000000000000000000000000000000000000000000000000000100520180000000000001005201800000000000000000000000000000000000000000000000000000000000000000000       
1040001300231T 090000008821120000000   1400000004573042571JFP425/001     05052018000000000007240000000000JFP425/001               091000025336556866ADRIANO FERRAZ MARQUES                            00000000000045012                         
1040001300232U 09000000000000000000000000000000000000000000000000000000000000000000000000000000000000000000000000000000000000000000000000100520180000000000001005201800000000000000000000000000000000000000000000000000000000000000000000       
1040001300233T 090000008821120000000   1400000003636042571JFQ425/001     05052018000000000021720000000000JFQ425/001               091000012105410847HENRIQUE SPINOSA MOSSINI                          00000000000045012                         
1040001300234U 09000000000000000000000000000000000000000000000000000000000000000000000000000000000000000000000000000000000000000000000000100520180000000000001005201800000000000000000000000000000000000000000000000000000000000000000000       
1040001300235T 090000008821120000000   1400000004026042591KDL425/001     05052018000000000014480000000000KDL425/001               091000063361647053MAURO LUIS DO NASCIMENTO RODRIGUES                00000000000045012                         
1040001300236U 09000000000000000000000000000000000000000000000000000000000000000000000000000000000000000000000000000000000000000000000000100520180000000000001005201800000000000000000000000000000000000000000000000000000000000000000000       
1040001300237T 090000008821120000000   1400000003047042591KDQ425/001     05052018000000000007240000000000KDQ425/001               091000028413893836DOUGLAS FREDIANI                                  00000000000045012                         
1040001300238U 09000000000000000000000000000000000000000000000000000000000000000000000000000000000000000000000000000000000000000000000000100520180000000000001005201800000000000000000000000000000000000000000000000000000000000000000000       
1040001300239T 090000008821120000000   1400000003993042531KGB425/001     05052018000000000014480000000000KGB425/001               091000082597090400JOAO LORENCO DE LIRA                              00000000000045012                         
1040001300240U 09000000000000000000000000000000000000000000000000000000000000000000000000000000000000000000000000000000000000000000000000100520180000000000001005201800000000000000000000000000000000000000000000000000000000000000000000       
1040001300241T 090000008821120000000   1400000000469142561KKM425/001     05052018000000000014480000000000KKM425/001               091000004127133490JOSE SILVA MARTINS                                00000000000045012                         
1040001300242U 09000000000000000000000000000000000000000000000000000000000000000000000000000000000000000000000000000000000000000000000000100520180000000000001005201800000000000000000000000000000000000000000000000000000000000000000000       
1040001300243T 090000008821120000000   1400000004393042591KLY425/001     05052018000000000021720000000000KLY425/001               091000001004931492DALVISSON GADELHA DA COSTA SOBRINHO               00000000000045012                         
1040001300244U 09000000000000000000000000000000000000000000000000000000000000000000000000000000000000000000000000000000000000000000000000100520180000000000001005201800000000000000000000000000000000000000000000000000000000000000000000       
1040001300245T 090000008821120000000   1400000004515042541KRA425/001     05052018000000000014480000000000KRA425/001               091000001841269832LUPERCIO BATISTA DA ROSA                          00000000000045012                         
1040001300246U 09000000000000000000000000000000000000000000000000000000000000000000000000000000000000000000000000000000000000000000000000100520180000000000001005201800000000000000000000000000000000000000000000000000000000000000000000       
1040001300247T 090000008821120000000   1400000004686042571KVV425/001     05052018000000000021720000000000KVV425/001               091000009034151867JOSE CARLOS DE FARIAS                             00000000000045012                         
1040001300248U 09000000000000000000000000000000000000000000000000000000000000000000000000000000000000000000000000000000000000000000000000100520180000000000001005201800000000000000000000000000000000000000000000000000000000000000000000       
1040001300249T 090000008821120000000   1400000004278042511LCK425/001     05052018000000000014480000000000LCK425/001               091000007345754839TARCISO FERREIRA                                  00000000000045012                         
1040001300250U 09000000000000000000000000000000000000000000000000000000000000000000000000000000000000000000000000000000000000000000000000100520180000000000001005201800000000000000000000000000000000000000000000000000000000000000000000       
1040001300251T 090000008821120000000   1400000004644042531LJR425/001     05052018000000000007240000000000LJR425/001               091000048234513842MARCO TOMAZ MOREIRA DIAS                          00000000000045012                         
1040001300252U 09000000000000000000000000000000000000000000000000000000000000000000000000000000000000000000000000000000000000000000000000100520180000000000001005201800000000000000000000000000000000000000000000000000000000000000000000       
1040001300253T 090000008821120000000   1400000004663042561LNK425/001     05052018000000000007240000000000LNK425/001               091000013003621890JULIO CESAR DA SILVA SOUZA                        00000000000045012                         
1040001300254U 09000000000000000000000000000000000000000000000000000000000000000000000000000000000000000000000000000000000000000000000000100520180000000000001005201800000000000000000000000000000000000000000000000000000000000000000000       
1040001300255T 090000008821120000000   1400000004627042501LPV425/001     05052018000000000014480000000000LPV425/001               091000036646098832MICHEL WESLEY BEZERRA DA SILVA                    00000000000045012                         
1040001300256U 09000000000000000000000000000000000000000000000000000000000000000000000000000000000000000000000000000000000000000000000000100520180000000000001005201800000000000000000000000000000000000000000000000000000000000000000000       
1040001300257T 090000008821120000000   1400000004457042551LXI425/001     05052018000000000014480000000000LXI425/001               091000035488804870EVANDRO MARCHESINI                                00000000000045012                         
1040001300258U 09000000000000000000000000000000000000000000000000000000000000000000000000000000000000000000000000000000000000000000000000100520180000000000001005201800000000000000000000000000000000000000000000000000000000000000000000       
1040001300259T 090000008821120000000   1400000004497042501LXM425/001     05052018000000000014480000000000LXM425/001               091000025937607880WILLIAM DE LAPAZ PAIVA                            00000000000045012                         
1040001300260U 09000000000000000000000000000000000000000000000000000000000000000000000000000000000000000000000000000000000000000000000000100520180000000000001005201800000000000000000000000000000000000000000000000000000000000000000000       
1040001300261T 090000008821120000000   1400000004169042501LYX425/001     05052018000000000007240000000000LYX425/001               091000022604564807MARCO ANTONIO DA SILVA VALE                       00000000000045012                         
1040001300262U 09000000000000000000000000000000000000000000000000000000000000000000000000000000000000000000000000000000000000000000000000100520180000000000001005201800000000000000000000000000000000000000000000000000000000000000000000       
1040001300263T 090000008821120000000   1400000004614042521MCV425/001     05052018000000000014480000000000MCV425/001               091000026180250839JOAO FRANCISCO RAMOS                              00000000000045012                         
1040001300264U 09000000000000000000000000000000000000000000000000000000000000000000000000000000000000000000000000000000000000000000000000100520180000000000001005201800000000000000000000000000000000000000000000000000000000000000000000       
1040001300265T 090000008821120000000   1400000004313042501MDQ425/001     05052018000000000014480000000000MDQ425/001               091000026323158833AMILCAR DE JESUS AZEVEDO JUNIOR                   00000000000045012                         
1040001300266U 09000000000000000000000000000000000000000000000000000000000000000000000000000000000000000000000000000000000000000000000000100520180000000000001005201800000000000000000000000000000000000000000000000000000000000000000000       
1040001300267T 090000008821120000000   1400000004556042531MEE425/001     05052018000000000014480000000000MEE425/001               091000016155592802VAGNER GUEDES TIAGO                               00000000000045012                         
1040001300268U 09000000000000000000000000000000000000000000000000000000000000000000000000000000000000000000000000000000000000000000000000100520180000000000001005201800000000000000000000000000000000000000000000000000000000000000000000       
1040001300269T 090000008821120000000   1400000004363042581MFK425/001     05052018000000000014480000000000MFK425/001               092021011392000164TRANSPORTADORA MONTEIRO FERNANDES LTDA            00000000000045012                         
1040001300270U 09000000000000000000000000000000000000000000000000000000000000000000000000000000000000000000000000000000000000000000000000100520180000000000001005201800000000000000000000000000000000000000000000000000000000000000000000       
1040001300271T 090000008821120000000   1400000004674042541MSK425/001     05052018000000000007240000000000MSK425/001               091000008951094847JOSE AUGUSTO MARTINS DE ALENCAR                   00000000000045012                         
1040001300272U 09000000000000000000000000000000000000000000000000000000000000000000000000000000000000000000000000000000000000000000000000100520180000000000001005201800000000000000000000000000000000000000000000000000000000000000000000       
1040001300273T 090000008821120000000   1400000004460042571MZM425/001     05052018000000000014480000000000MZM425/001               091000065282841568AIRON VITOR VILELA SILVA                          00000000000045012                         
1040001300274U 09000000000000000000000000000000000000000000000000000000000000000000000000000000000000000000000000000000000000000000000000100520180000000000001005201800000000000000000000000000000000000000000000000000000000000000000000       
1040001300275T 090000008821120000000   1400000004191042541NBC425/001     05052018000000000014480000000000NBC425/001               091000013167281880GILSON BARADEL DA ROCHA                           00000000000045012                         
1040001300276U 09000000000000000000000000000000000000000000000000000000000000000000000000000000000000000000000000000000000000000000000000100520180000000000001005201800000000000000000000000000000000000000000000000000000000000000000000       
1040001300277T 090000008821120000000   1400000004359042511NCC425/001     05052018000000000014480000000000NCC425/001               091000006723612485FABIANO RAMIM                                     00000000000045012                         
1040001300278U 09000000000000000000000000000000000000000000000000000000000000000000000000000000000000000000000000000000000000000000000000100520180000000000001005201800000000000000000000000000000000000000000000000000000000000000000000       
1040001300279T 090000008821120000000   1400000001776042501NCV425/001     05052018000000000014480000000000NCV425/001               092002498209000152TRANSPORTADORA AG SOUZA LTDA                      00000000000045012                         
1040001300280U 09000000000000000000000000000000000000000000000000000000000000000000000000000000000000000000000000000000000000000000000000100520180000000000001005201800000000000000000000000000000000000000000000000000000000000000000000       
1040001300281T 090000008821120000000   1400000004600042501NRZ425/001     05052018000000000021720000000000NRZ425/001               091000021863879803MAGNO BISPO DO NASCIMENTO                         00000000000045012                         
1040001300282U 09000000000000000000000000000000000000000000000000000000000000000000000000000000000000000000000000000000000000000000000000100520180000000000001005201800000000000000000000000000000000000000000000000000000000000000000000       
1040001300283T 280000008821120000000                     0               00000000000000000000000000000000                         000000000000000000                                                  0000000000540000000000000                 
1040001300284U 280000000000000000000000000000000000000000000000000000000000000000000000000000000000000000000000000000000000000000000000001005201800000000000010052018000000000000000                              000                           
10400015         00028600000000000000000000000000000000000000000000000000000000000000000000000000000000000000000000                                                                                                                             
10499999         000001000288                                                                                                                                                                                                                   
