10400000         2235662510001330000000000000000000001655188211200000000RASTREADORES PROTEGE LTDA   MEC ECON FEDERAL                          21605201803210300010304000000                    RETORNO-PRODUCAO                  000            
10400011T0100030 20235662510001330000000000000000000001655188211200000000RASTREADORES PROTEGE LTDA   ME                                                                                00000103160520180000000000                          00   
1040001300001T 060000008821120000000   1400000437900000581ABI8280/005    15052018000000000025690104017780ABI8280/005              090000000000000000FERNANDO CAPARROS                                 000000000000590020102                     
1040001300002U 06000000000000522000000000000000000000000000000000000000000000000000000026212000000000026212000000000000000000000000000000160520181805201800001805201800000000000000000000000000000000000000000000000000000000000000000000       
1040001300003T 060000008821120000000   1400000045770042531AQP 425        17052018000000000014480104046350AQP 425                  090000000000000000MARCELO PINHEIRO DELLAMURA                        000000000000590020102                     
1040001300004U 06000000000000000000000000000000000000000000000000000000000000000000000014480000000000014480000000000000000000000000000000160520181805201800001805201800000000000000000000000000000000000000000000000000000000000000000000       
1040001300005T 060000008821120000000   1400000457700000591AQP6180/005    15052018000000000019352104046350AQP6180/005              090000000000000000MARCELO PINHEIRO DELLAMURA                        000000000000590020102                     
1040001300006U 06000000000000393000000000000000000000000000000000000000000000000000000019745000000000019745000000000000000000000000000000160520181805201800001805201800000000000000000000000000000000000000000000000000000000000000000000       
1040001300007T 060000008821120000000   1400003020000000441BXI2596        16052018000000000015000104029460BXI2596                  090000000000000000RODRIGO ANTONIO TEIXEIRA DA MOTTA                 000000000000590020102                     
1040001300008U 06000000000000000000000000000000000000000000000000000000000000000000000015000000000000015000000000000000000000000000000000160520181805201800001805201800000000000000000000000000000000000000000000000000000000000000000000       
1040001300009T 060000008821120000000   1400000296400000571DKR1210/005    15052018000000000029057104042110DKR1210/005              090000000000000000JOSE EURIPEDES PEREIRA DOS SANTOS                 000000000000590020102                     
1040001300010U 06000000000000590000000000000000000000000000000000000000000000000000000029647000000000029647000000000000000000000000000000160520181805201800001805201800000000000000000000000000000000000000000000000000000000000000000000       
1040001300011T 060000008821120000000   1400000458400000521DPB18/005      15052018000000000028234104047140DPB18/005                090000000000000000ANTONIO WIDSNEY PEREIRA DA SILVA                  000000000000590020102                     
1040001300012U 06000000000000573000000000000000000000000000000000000000000000000000000028807000000000028807000000000000000000000000000000160520181805201800001805201800000000000000000000000000000000000000000000000000000000000000000000       
1040001300013T 060000008821120000000   1400000460100000581DPC2018/005    15052018000000000025250104002300DPC2018/005              090000000000000000ANTONIO CARLOS BATISTA                            000000000000590030102                     
1040001300014U 06000000000000513000000000000000000000000000000000000000000000000000000025763000000000025763000000000000000000000000000000160520181805201800001805201800000000000000000000000000000000000000000000000000000000000000000000       
1040001300015T 060000008821120000000   1400000428300000551DPF6675/005    15052018000000000046299341048370DPF6675/005              090000000000000000REGINALDO DA VEIGA                                000000000000590040102                     
1040001300016U 06000000000000940000000000000000000000000000000000000000000000000000000047239000000000047239000000000000000000000000000000160520181805201800001805201800000000000000000000000000000000000000000000000000000000000000000000       
1040001300017T 060000008821120000000   1400000296500000501EJW8432/005    15052018000000000044815237023250EJW8432/005              090000000000000000VALDENIR CORDEIRO DA SILVA                        000000000000590040102                     
1040001300018U 06000000000000909000000000000000000000000000000000000000000000000000000045724000000000045724000000000000000000000000000000160520181805201800001805201800000000000000000000000000000000000000000000000000000000000000000000       
1040001300019T 060000008821120000000   1400004667000000581FCB3935/005    15052018000000000027814104003500FCB3935/005              090000000000000000JOAO VICENTE VACCARI                              000000000000590020102                     
1040001300020U 06000000000000564000000000000000000000000000000000000000000000000000000028378000000000028378000000000000000000000000000000160520181805201800001805201800000000000000000000000000000000000000000000000000000000000000000000       
1040001300021T 060000008821120000000   1400000469300000501FEB6021/005    15052018000000000041377104021090FEB6021/005              090000000000000000VALTER ALVES DE LIMA                              000000000000590020102                     
1040001300022U 06000000000000840000000000000000000000000000000000000000000000000000000042217000000000042217000000000000000000000000000000160520181805201800001805201800000000000000000000000000000000000000000000000000000000000000000000       
1040001300023T 060000008821120000000   1400000457900000541GPC2018/005    15052018000000000017057104001810GPC2018/005              090000000000000000BENEDITO FERREIRA LIMA JUNIOR                     000000000000590020102                     
1040001300024U 06000000000000346000000000000000000000000000000000000000000000000000000017403000000000017403000000000000000000000000000000160520181805201800001805201800000000000000000000000000000000000000000000000000000000000000000000       
1040001300025T 060000008821120000000   1400000399300000571KGB7013/005    15052018000000000017211104000510KGB7013/005              090000000000000000JOAO LORENCO DE LIRA                              000000000000590060102                     
1040001300026U 06000000000000349000000000000000000000000000000000000000000000000000000017560000000000017560000000000000000000000000000000160520181805201800001805201800000000000000000000000000000000000000000000000000000000000000000000       
1040001300027T 060000008821120000000   1400000046270042511LPV425         17052018000000000014480341074320LPV425                   090000000000000000MICHEL WESLEY BEZERRA DA SILVA                    000000000000590040102                     
1040001300028U 06000000000000000000000000000000000000000000000000000000000000000000000014480000000000014480000000000000000000000000000000160520181805201800001805201800000000000000000000000000000000000000000000000000000000000000000000       
1040001300029T 020000008821120000000   1400000045770042531AQP 425        17052018000000000014480000000000AQP 425                  091000031240671857MARCELO PINHEIRO DELLAMURA                        000000000000000                           
1040001300030U 02000000000000000000000000000000000000000000000000000000000000000000000000000000000000000000000000000000000000000000000000160520180000000000001605201800000000000000000000000000000000000000000000000000000000000000000000       
1040001300031T 020000008821120000000   1400000474400050291BWOADES/003    17052018000000000020000000000000BWOADES/003              092024858015000153D&A TRANSPORTES RODOVIARIOS CATANDUVA LT          000000000000000                           
1040001300032U 02000000000000000000000000000000000000000000000000000000000000000000000000000000000000000000000000000000000000000000000000160520180000000000001605201800000000000000000000000000000000000000000000000000000000000000000000       
1040001300033T 020000008821120000000   1400000038070042511DPB 425        17052018000000000014480000000000DPB 425                  091000017858815822EDILSON FAGUNDES PINTO                            000000000000000                           
1040001300034U 02000000000000000000000000000000000000000000000000000000000000000000000000000000000000000000000000000000000000000000000000160520180000000000001605201800000000000000000000000000000000000000000000000000000000000000000000       
1040001300035T 020000008821120000000   1400000000471600421GBI3059        17052018000000000025318000000000GBI3059                  091000027110252841ANDERSON PORTELLA DE BIASO                        000000000000000                           
1040001300036U 02000000000000000000000000000000000000000000000000000000000000000000000000000000000000000000000000000000000000000000000000160520180000000000001605201800000000000000000000000000000000000000000000000000000000000000000000       
1040001300037T 020000008821120000000   1400000000046351111KFI2583-       17052018000000000029486000000000KFI2583-                 092024858015000153D&A TRANSPORTES RODOVIARIOS CATANDUVA LT          000000000000000                           
1040001300038U 02000000000000000000000000000000000000000000000000000000000000000000000000000000000000000000000000000000000000000000000000160520180000000000001605201800000000000000000000000000000000000000000000000000000000000000000000       
1040001300039T 020000008821120000000   1400000046270042511LPV425         17052018000000000014480000000000LPV425                   091000036646098832MICHEL WESLEY BEZERRA DA SILVA                    000000000000000                           
1040001300040U 02000000000000000000000000000000000000000000000000000000000000000000000000000000000000000000000000000000000000000000000000160520180000000000001605201800000000000000000000000000000000000000000000000000000000000000000000       
1040001300041T 030000008821120000000   1400000028540042561BWTRATE        16052018000000000007240000000000BWTRATE                  090000000000000000                                                  00000000000000008                         
1040001300042U 03000000000000000000000000000000000000000000000000000000000000000000000000000000000000000000000000000000000000000000000000160520180000000000000000000000000000000000000000000000000000000000000000000000000000000000000000       
1040001300043T 030000008821120000000   1400000045150042501KRA425         16052018000000000014480000000000KRA425                   090000000000000000                                                  00000000000000008                         
1040001300044U 03000000000000000000000000000000000000000000000000000000000000000000000000000000000000000000000000000000000000000000000000160520180000000000000000000000000000000000000000000000000000000000000000000000000000000000000000       
1040001300045T 280000008821120000000                     0               00000000000000000000000000000000                         000000000000000000                                                  0000000000000000000000000                 
1040001300046U 280000000000000000000000000000000000000000000000000000000000000000000000000000000000000000000000000000000000000000000000001605201800000000000016052018000000000000000                              000                           
10400015         00004800000000000000000000000000000000000000000000000000000000000000000000000000000000000000000000                                                                                                                             
10499999         000001000050                                                                                                                                                                                                                   
