10400000         2235662510001330000000000000000000001655188211200000000RASTREADORES PROTEGE LTDA   MEC ECON FEDERAL                          22304201804461400008704000000                    RETORNO-PRODUCAO                  000            
10400011T0100030 20235662510001330000000000000000000001655188211200000000RASTREADORES PROTEGE LTDA   ME                                                                                00000087230420180000000000                          00   
1040001300001T 090000008821120000000   1400000000038140391CJH6346        17042018000000000019892000000000CJH6346                  091000052022048849WALTER VALE                                       00000000000045012                         
1040001300002U 09000000000000000000000000000000000000000000000000000000000000000000000000000000000000000000000000000000000000000000000000230420180000000000002304201800000000000000000000000000000000000000000000000000000000000000000000       
1040001300003T 090000008821120000000   1400000000044900321CRH4123        17042018000000000015500000000000CRH4123                  091000052022048849WALTER VALE                                       00000000000045012                         
1040001300004U 09000000000000000000000000000000000000000000000000000000000000000000000000000000000000000000000000000000000000000000000000230420180000000000002304201800000000000000000000000000000000000000000000000000000000000000000000       
1040001300005T 090000008821120000000   1400000000044410401CYN9251        18042018000000000467225000000000CYN9251                  092008917750000134TRANSPORTADORA MAGNOLIA LTDA   ME                 00000000000045012                         
1040001300006U 09000000000000000000000000000000000000000000000000000000000000000000000000000000000000000000000000000000000000000000000000230420180000000000002304201800000000000000000000000000000000000000000000000000000000000000000000       
1040001300007T 090000008821120000000   1400000000043470351DBM8669        17042018000000000033174000000000DBM8669                  091000022604564807MARCO ANTONIO DA SILVA VALE                       00000000000045012                         
1040001300008U 09000000000000000000000000000000000000000000000000000000000000000000000000000000000000000000000000000000000000000000000000230420180000000000002304201800000000000000000000000000000000000000000000000000000000000000000000       
1040001300009T 280000008821120000000                     0               00000000000000000000000000000000                         000000000000000000                                                  0000000000018000000000000                 
1040001300010U 280000000000000000000000000000000000000000000000000000000000000000000000000000000000000000000000000000000000000000000000002304201800000000000023042018000000000000000                              000                           
10400015         00001200000000000000000000000000000000000000000000000000000000000000000000000000000000000000000000                                                                                                                             
10499999         000001000014                                                                                                                                                                                                                   
