10400000         2235662510001330000000000000000000001655188211200000000RASTREADORES PROTEGE LTDA   MEC ECON FEDERAL                          22404201803124700008804000000                    RETORNO-PRODUCAO                  000            
10400011T0100030 20235662510001330000000000000000000001655188211200000000RASTREADORES PROTEGE LTDA   ME                                                                                00000088240420180000000000                          00   
1040001300001T 060000008821120000000   1400000000045270411               25042018000000000042200341015660                         090000000000000000                                                  000000000000590040102                     
1040001300002U 06000000000000000000000000000000000000000000000000000000000000000000000042200000000000042200000000000000000000000000000000240420182604201800002604201800000000000000000000000000000000000000000000000000000000000000000000       
1040001300003T 060000008821120000000   1400000000047010411               25042018000000000030210341000240                         090000000000000000                                                  000000000000590040102                     
1040001300004U 06000000000000000000000000000000000000000000000000000000000000000000000030210000000000030210000000000000000000000000000000240420182604201800002604201800000000000000000000000000000000000000000000000000000000000000000000       
1040001300005T 060000008821120000000   1400000000046050421               25042018000000000017849341069330                         090000000000000000                                                  000000000000590040102                     
1040001300006U 06000000000000000000000000000000000000000000000000000000000000000000000017849000000000017849000000000000000000000000000000240420182604201800002604201800000000000000000000000000000000000000000000000000000000000000000000       
1040001300007T 060000008821120000000   1400000000452701181               25042018000000000042200341015660                         090000000000000000                                                  000000000000590040102                     
1040001300008U 06000000000000000000000000000000000000000000000000000000000000000000000042200000000000042200000000000000000000000000000000240420182604201800002604201800000000000000000000000000000000000000000000000000000000000000000000       
1040001300009T 060000008821120000000   1400000003576042591               05052018000000000014480237003540                         090000000000000000                                                  000000000000590040102                     
1040001300010U 06000000000000000000000000000000000000000000000000000000000000000000000014480000000000014480000000000000000000000000000000240420182604201800002604201800000000000000000000000000000000000000000000000000000000000000000000       
1040001300011T 280000008821120000000                     0               00000000000000000000000000000000                         000000000000000000                                                  0000000000000000000000000                 
1040001300012U 280000000000000000000000000000000000000000000000000000000000000000000000000000000000000000000000000000000000000000000000002404201800000000000024042018000000000000000                              000                           
10400015         00001400000000000000000000000000000000000000000000000000000000000000000000000000000000000000000000                                                                                                                             
10499999         000001000016                                                                                                                                                                                                                   
